1901 3153
910 233 963 272 19

173 346 289 390 recte
317 343 525 388 institutis
554 356 609 387 ne
640 357 735 388 cum
756 342 1022 388 inimicorum
1049 343 1221 400 quidem
1240 343 1518 388 incommodis
1545 343 1591 387 in
1621 342 1693 388 de-

170 415 274 459 licta
317 414 513 458 convenit
558 426 681 457 ruere
726 413 988 467 voluntaria;
1030 413 1223 469 nihilque
1273 413 1331 457 sit
1380 417 1471 457 tam
1504 412 1693 457 deforme

170 497 301 541 quam
331 483 388 527 ad
417 482 555 525 ardua
581 481 749 537 imperii
787 482 1014 537 supercilia
1044 483 1173 526 etiam
1195 482 1477 526 acerbitatem
1507 485 1689 525 naturae

169 550 346 608 adiungi
386 550 531 593 XXIII
562 555 601 598 6,
629 554 696 593 21.
735 562 813 593 nos
844 553 988 594 autem
1022 551 1067 594 id
1112 550 1312 603 dicimus,
1368 550 1485 606 quod
1529 550 1575 593 in
1620 549 1688 594 his

168 620 310 664 terris*
326 632 473 663 amnes
503 622 602 662 sunt
645 619 728 662 duo
757 620 976 675 perpetui,
1007 620 1170 665 Diabas
1211 624 1255 664 et
1282 619 1476 665 Adiabas
1508 653 1688 664 .....

168 690 351 746 ideoque
378 689 570 745 intellegi
601 688 869 733 Adiabenam
896 690 1253 746 cognominatam.

306 790 450 834 XVIII
478 796 514 833 6.
537 795 589 833 16
621 790 762 843 docet,
795 790 911 845 quod
952 790 1069 846 apud
1097 790 1286 834 Parisios
1312 793 1439 834 natus
1463 789 1510 834 in
1539 789 1690 834 Galliis

172 891 382 902 ......
414 857 471 902 ad
487 857 641 902 Persas
671 857 839 902 abierat
864 857 1093 915 profugus,
1131 857 1369 915 exindeque
1394 871 1558 902 morum
1593 872 1689 915 pro-

166 928 304 972 bitate
343 931 537 984 spectata
571 928 750 984 coniuge
788 927 1019 984 liberisque
1052 928 1268 984 susceptis
1302 928 1612 985 speculatorem
1643 942 1689 973 se

168 998 343 1041 missum
372 997 429 1041 ad
458 1001 618 1050 nostra,
649 1011 777 1054 saepe
805 1011 929 1042 veros
958 999 1129 1042 nuntios
1159 1000 1442 1055 reportasse.“

312 1100 424 1152 Quin
454 1101 584 1144 etiam
610 1100 809 1144 infinitivi
839 1101 1152 1145 constructione
1172 1115 1430 1158 praegressa
1457 1101 1688 1145 indicativo

169 1167 461 1213 continuatur:
490 1168 593 1212 XIX
626 1174 702 1227 12,
731 1174 784 1212 12
817 1170 1023 1214 adserens
1050 1170 1323 1227 propitiandi
1343 1184 1474 1215 causa
1503 1170 1687 1214 numinis

168 1237 276 1281 haec
304 1252 332 1282 a
358 1239 498 1294 prima
529 1239 819 1283 adolescentia
845 1239 1079 1296 factitasse,
1110 1254 1196 1283 non
1220 1240 1417 1283 tentandi
1439 1239 1688 1283 sublimiora

169 1307 387 1352 scrutatis:
420 1322 497 1352 nec
527 1308 640 1351 enim
673 1322 928 1364 quemquam
963 1309 1009 1352 id
1038 1313 1217 1352 noverat
1244 1308 1508 1353 affectasse.“

305 1398 427 1443 Nunc
439 1401 629 1444 venimus
649 1400 705 1444 ad
722 1400 1029 1445 nominativum
1050 1415 1145 1445 cum
1174 1400 1383 1444 infinitivo
1414 1399 1687 1444 coniunctum

168 1469 372 1513 inusitate
402 1469 641 1514 adhibitum
685 1470 803 1514 cuius
848 1485 951 1515 usus
991 1472 1140 1528 paucis
1170 1472 1273 1515 locis
1302 1474 1527 1527 poetarum
1572 1470 1687 1521 (vide

167 1537 303 1581 Bentl.
341 1539 396 1581 ad
428 1538 528 1582 Hor.
555 1538 633 1595 Ep.
665 1538 703 1590 Ι,
726 1543 770 1591 7,
795 1542 866 1592 22)
917 1541 1105 1597 exceptis
1156 1541 1291 1585 solum
1335 1538 1510 1585 Tacitus
1555 1553 1686 1583 unum

168 1606 405 1664 exemplum
434 1608 615 1665 praebet
644 1607 773 1661 (Hist.
791 1613 831 1665 4,
846 1611 930 1664 55.)

304 1699 362 1742 Hi
392 1702 491 1743 sunt
517 1699 623 1744 loci:

302 1779 417 1836 XIV,
451 1785 476 1822 2
490 1811 501 1830 ,
535 1785 559 1823 9
601 1780 927 1824 arbitrabantur
973 1780 1089 1823 nullo
1130 1780 1394 1836 impediente
1425 1779 1686 1836 transgressi

165 1849 365 1908 apposita
394 1861 588 1905 quaeque
616 1851 798 1894 vastare.
839 1848 963 1894 XVII
995 1852 1068 1906 13,
1092 1853 1166 1891 11:
1208 1849 1511 1901 „mussitantes
1539 1848 1686 1893 audie-

165 1922 323 1964 bantur
352 1919 549 1962 fortunae
590 1932 675 1961 non
704 1919 846 1962 meriti
884 1918 1017 1961 fuisse
1034 1917 1161 1973 quod
1191 1919 1375 1962 evenit.“
1436 1918 1538 1960 XIX
1550 1923 1617 1973 11,
1636 1923 1684 1961 6:

171 1989 437 2047 „Principem
475 1988 711 2033 exorabant
739 1989 785 2032 in
821 1988 988 2032 veniam
1016 1988 1312 2040 obsecrantes,
1353 1991 1402 2032 ut
1435 1988 1687 2032 transmisso

165 2058 340 2102 flumine
379 2058 437 2101 ad
466 2072 561 2101 eum
590 2059 734 2101 venire
763 2059 1134 2114 permitterentur,
1167 2058 1335 2101 docturi
1366 2072 1476 2113 quae
1506 2059 1685 2102 sustine-

167 2132 275 2182 rent,
304 2127 592 2172 incommoda:
621 2127 848 2184 paratique
877 2128 994 2172 intra
1023 2128 1164 2185 spatia
1192 2127 1309 2173 orbis
1337 2127 1518 2172 Romani
1544 2131 1686 2173 terras

171 2197 390 2254 suscipere
420 2197 546 2254 longe
578 2197 826 2240 discretas.“
886 2197 980 2240 Vox
1009 2197 1202 2253 „parati“
1233 2211 1328 2241 cum
1354 2211 1458 2241 voce
1487 2199 1686 2254 „permit-

166 2270 384 2312 terentur“
415 2265 587 2321 quidem
617 2265 816 2321 coniungi
847 2268 1004 2321 potest,
1035 2265 1111 2308 sed
1138 2265 1349 2308 sententia
1374 2265 1508 2309 multo
1537 2266 1686 2310 melior

165 2337 235 2385 fit,
267 2336 304 2380 si
331 2348 433 2379 voce
465 2336 662 2391 ,‚parati“
692 2334 900 2378 indirecte
920 2335 1159 2379 continuari
1180 2339 1397 2391 putamus,
1426 2350 1454 2380 a
1483 2350 1567 2392 qua
1596 2337 1685 2394 opi-

164 2404 291 2449 nione
320 2403 604 2448 nominativus
632 2416 712 2447 nos
744 2402 960 2446 deterrere
997 2416 1083 2446 non
1110 2406 1275 2459 potest,
1305 2405 1559 2460 praesertim
1590 2418 1686 2448 cum

164 2474 235 2519 hic
265 2473 514 2518 Ammianus
545 2472 896 2517 antecedentibus
925 2472 1066 2516 verbis
1097 2473 1470 2528 „permitterentur
1491 2473 1685 2517 docturi“

163 2543 289 2587 facile
309 2543 619 2600 pellicipotuit,
651 2545 699 2585 ut
728 2556 823 2585 eum
851 2544 1089 2597 usurparet.
1141 2541 1288 2597 Neque
1302 2541 1515 2597 particula
1544 2547 1680 2598 „que“

163 2612 263 2655 huic
292 2612 483 2667 opinioni
512 2614 735 2667 repugnat.
792 2610 1042 2654 Ammianus
1084 2611 1196 2654 enim
1238 2611 1421 2654 libenter
1460 2611 1684 2667 particulis

165 2681 262 2733 „et“
301 2684 379 2726 aut
408 2686 542 2736 ‚,que“
579 2681 725 2734 utitur,
751 2680 825 2739 ubi
854 2680 967 2725 aliae
996 2680 1236 2736 particulae
1268 2684 1572 2736 exspectantur
1609 2685 1686 2725 aut

163 2750 291 2794 nulla.
350 2751 418 2793 Ita
461 2751 690 2805 praecipue
727 2754 829 2805 post
855 2750 1032 2793 verbum
1060 2749 1277 2792 statuendi
1305 2749 1351 2792 id
1382 2750 1496 2804 quod
1526 2750 1683 2805 aliquis

164 2819 320 2865 statuit
345 2834 432 2865 non
461 2819 758 2865 enunciatione
787 2819 1042 2864 secundaria
1070 2819 1340 2876 exprimitur,
1365 2818 1443 2863 sed
1471 2819 1685 2877 particula

168 2895 302 2945 „que“
329 2889 491 2935 libere“
517 2890 776 2947 adiungitur.
834 2889 935 2933 XIV
964 2894 1030 2942 11,
1054 2894 1100 2932 4:
1127 2889 1303 2933 tandem
1332 2889 1378 2932 id
1404 2891 1454 2932 ut
1476 2889 1685 2946 optimum

164 2958 282 3005 factu
325 2960 470 3019 elegit:
520 2964 564 3006 et
590 2960 834 3006 Ursicinum
862 2960 1047 3017 primum
1092 2959 1150 3005 ad
1196 2973 1242 3003 se
1281 2959 1426 3004 venire
1453 2958 1683 3004 mandavit.

1343 3028 1405 3070 2⁶2}
