1901 3153
924 146 949 185 9

426 261 476 306 A.
530 259 851 304 Infinitivus
882 257 969 314 qui
996 257 1153 302 verba
1183 256 1441 313 sequitur.

319 353 425 398 Cum
453 353 500 397 id
529 353 796 410 potissimum
826 350 1179 407 contemplemur,
1223 364 1309 407 qua
1334 350 1501 395 ratione
1525 349 1697 394 infiniti-

180 438 257 472 vus
286 426 459 480 praeter
488 422 595 467 alias
627 425 866 466 structuras
894 421 1167 475 adhibeatur,
1210 421 1379 465 omissis
1417 419 1558 465 verbis
1588 434 1699 476 quae

179 494 287 537 nihil
315 493 507 548 sequitur
545 493 629 536 nisi
654 491 888 535 infinitivus
933 495 977 535 et
1004 492 1174 535 omnino
1215 492 1261 535 in
1288 491 1437 547 lingua
1475 490 1611 533 latina
1655 492 1699 533 et

179 563 296 620 apud
325 563 614 613 Ammianum,
655 561 924 619 aptissimum
969 561 1074 604 mihi
1111 560 1280 604 videtur
1313 559 1445 603 verba
1478 558 1611 602 dividi
1652 558 1698 601 in

179 635 309 679 verba
337 633 549 677 sentiendi
577 632 911 687 declarandique
947 634 990 675 et
1021 631 1247 675 auxiliaria
1282 630 1428 684 eisque
1457 628 1612 672 similia
1642 631 1699 677 set

180 704 410 748 causativa.
483 700 593 744 Nam
636 701 767 744 verba
809 700 1021 744 sentiendi
1059 698 1390 754 declarandique
1431 697 1698 741 accusativus

180 787 275 817 cum
303 770 511 815 infinitivo
538 773 614 814 aut
641 769 852 826 particula
880 769 1046 825 „quod“
1075 768 1281 825 sequitur,
1308 767 1440 812 verba
1470 766 1697 811 auxiliaria

181 842 415 886 infinitivus
441 841 556 884 solus
585 844 664 884 aut
679 839 891 896 particula
913 839 1066 889 finalis,
1097 839 1228 882 verba
1251 838 1469 882 causativa
1485 836 1699 893 particula

180 912 321 955 finalis
350 915 427 955 aut
449 911 715 954 accusativus
746 924 841 953 cum
865 909 1074 955 infinitivo
1103 909 1345 964 similesque
1362 907 1698 952 constructiones

180 981 323 1025 Verba
345 981 572 1024 auxiliaria
598 983 740 1024 autem
766 994 851 1023 non
880 979 1015 1023 solum
1043 993 1094 1023 ea
1121 993 1232 1035 quae
1260 974 1354 1022 κατ’
1378 974 1534 1036 ἐξοχὴν
1566 976 1698 1021 nomi·

182 1055 351 1106 nantur,
382 1051 573 1106 intellegi
588 1051 693 1101 volo,
726 1050 800 1093 sed
832 1051 974 1093 omnia
1004 1063 1113 1105 quae
1142 1050 1226 1092 vim
1260 1052 1336 1092 aut
1361 1048 1594 1091 voluntatis
1622 1051 1699 1092 aut

180 1119 396 1163 facultatis
423 1123 499 1163 aut
527 1120 794 1163 necessitatis
818 1119 1022 1163 habentia
1052 1120 1113 1162 ita
1142 1119 1188 1162 in
1211 1118 1403 1162 oratione
1425 1117 1697 1169 adhibentur,

180 1193 228 1232 ut
253 1204 304 1233 ea
330 1205 432 1246 pars
463 1191 782 1243 enunciationis‚
814 1205 923 1245 quae
952 1190 1165 1234 obiectum
1190 1189 1423 1233 voluntatis
1453 1191 1530 1232 cet.
1559 1187 1698 1244 expri-

181 1258 269 1311 mit,
326 1258 439 1302 idem
498 1259 733 1303 subiectum
763 1258 923 1303 habeat
952 1258 1067 1314 quod
1095 1259 1271 1302 verbum
1308 1271 1462 1314 regens
1493 1260 1537 1300 et
1564 1257 1697 1299 actio-

182 1342 279 1371 nem
308 1328 434 1371 huius
463 1329 642 1373 subiecti
673 1330 807 1372 solam
831 1329 1003 1373 indicet.
1065 1329 1231 1373 Deinde
1272 1329 1326 1372 de
1366 1328 1508 1372 verbis
1544 1327 1701 1383 imper-

181 1395 424 1444 sonalibus,
464 1396 655 1451 quamvis
686 1396 814 1440 etiam
846 1397 891 1439 in
918 1396 1026 1440 haec
1056 1409 1215 1453 genera
1241 1395 1391 1439 referri
1418 1394 1606 1451 possint,
1635 1406 1698 1436 se-

177 1466 362 1520 paratim
391 1465 608 1509 disseram.

443 1569 474 1612 Ι.
521 1568 694 1613 Verba
721 1569 993 1613 sentiendi
1022 1572 1079 1613 et
1108 1568 1431 1613 declarandi.

320 1649 379 1692 Ut
407 1650 523 1705 apud
555 1650 686 1693 verba
714 1651 904 1693 caustiva
936 1651 1173 1706 particulae
1211 1650 1362 1693 finales
1394 1655 1438 1694 et
1465 1651 1700 1694 infinitivus

179 1715 301 1760 iuxta
317 1718 586 1772 adhibentur,
621 1721 683 1764 ita
697 1722 813 1777 apud
832 1721 963 1765 verba
982 1725 1088 1766 sent.
1112 1725 1155 1765 et
1173 1722 1277 1765 decl.
1292 1722 1505 1778 particula
1534 1721 1699 1778 „quod“

174 1790 353 1841 praeter
391 1788 689 1833 infinim'tivum
728 1795 969 1846 usurpatur.
1040 1791 1104 1834 De
1140 1806 1220 1834 usu
1258 1792 1495 1847 particulae
1533 1792 1701 1848 „quod“

178 1868 205 1897 a
222 1856 322 1899 viris
340 1857 474 1901 doctis
501 1860 690 1915 priorum
709 1863 947 1915 temporum
973 1861 1028 1904 ab
1049 1861 1133 1904 alio
1154 1861 1258 1911 alia,
1287 1861 1423 1904 multa
1439 1860 1572 1905 allata
1589 1865 1700 1914 sunt,

182 1940 292 1980 quae
322 1928 486 1984 Reisig:
521 1929 831 1985 (Vorlesungen
848 1930 956 1974 iiber
975 1930 1048 1973 lat.
1064 1930 1537 1985 Sprachwissenschaft)
1566 1935 1699 1986 p.598

181 1996 329 2050 paucis
360 1998 691 2065 comprehendit.
748 1999 928 2042 Omnino
958 2013 1071 2042 nunc
1113 1999 1325 2042 sententia
1354 1999 1488 2052 valet,
1531 1999 1699 2055 „quod“

183 2063 260 2120 pr‘o
286 2079 372 2108 acc.
398 2081 432 2109 c.
463 2067 535 2111 inf.
566 2068 658 2111 loco
698 2069 804 2111 meri
840 2068 997 2111 obiecti
1024 2068 1140 2123 apud
1168 2068 1300 2111 verba
1332 2069 1541 2112 actionem
1570 2070 1703 2113 animi

182 2134 470 2191 significantia
496 2150 523 2179 a
551 2137 832 2193 scriptoribus
861 2150 1019 2180 aureae
1049 2137 1204 2180 aetatis
1228 2150 1314 2179 non
1333 2136 1574 2181 adhibitum
1596 2152 1702 2182 esse.

184 2203 345 2254 Quibus
375 2204 479 2247 locis
509 2206 723 2260 particula
756 2206 922 2261 „quod“
950 2205 1032 2248 hoc
1060 2206 1187 2248 modo
1223 2206 1419 2250 adhibita
1452 2207 1634 2263 legitur,
1672 2209 1704 2252 ii

183 2273 362 2317 correcti
376 2277 493 2330 sunt.
526 2274 633 2319 Vide
651 2274 837 2332 Madwig
853 2289 996 2331 opusc.
1011 2276 1103 2331 IIp.
1118 2279 1214 2319 232.
1246 2275 1449 2320 Nonnulli
1462 2277 1544 2321 loci
1560 2281 1705 2321 autem

183 2343 469 2397 antiquiorum
500 2345 754 2399 scriptorum
783 2345 989 2387 removeri
1018 2358 1102 2387 non
1118 2348 1310 2400 possunt.
1348 2345 1417 2388 Ita
1429 2345 1566 2390 Plaut.
1586 2347 1703 2390 Asin.

183 2410 330 2464 Vx52:
360 2412 584 2468 „equidem
614 2413 702 2456 scio
729 2413 815 2455 iam
840 2412 952 2455 filius
982 2413 1097 2468 quod
1128 2418 1281 2456 amet“
1324 2413 1434 2457 Nam
1464 2428 1548 2470 quo
1578 2416 1704 2459 modo

183 2480 253 2525 hic
277 2482 443 2537 „quod“
468 2483 552 2526 vim
582 2483 794 2526 causalem
818 2482 978 2526 habere
1007 2483 1161 2539 possit,
1205 2486 1253 2526 ut
1282 2483 1476 2528 Holtzius
1508 2486 1552 2529 in
1593 2490 1703 2543 synt.

184 2552 311 2608 prisc.
350 2553 494 2607 script.
525 2553 598 2597 lat.
628 2553 708 2597 vol.
738 2553 769 2597 I.
798 2568 839 2609 p.
866 2557 949 2597 272
990 2553 1196 2605 affirmat,
1229 2554 1427 2609 equidem
1463 2569 1549 2598 non
1581 2556 1705 2599 intel-

183 2620 291 2676 lego.
352 2621 445 2673 Quo
490 2622 615 2665 modo
661 2625 804 2665 autem
845 2622 916 2666 hic
959 2638 1061 2666 usus
1092 2623 1369 2678 explicandus
1397 2628 1488 2668 est?
1547 2624 1705 2669 Omnes

183 2690 352 2746 linguas
380 2692 527 2747 stirpis
545 2691 951 2737 Indo-Germanicae
979 2693 1367 2749 contemplantibus
1395 2693 1519 2736 nobis
1549 2693 1704 2737 miran-

187 2758 287 2802 dum
318 2762 404 2809 est,
436 2760 548 2805 hanc
572 2762 784 2807 rationem
814 2763 1001 2815 dicendi,
1031 2777 1140 2819 quae
1170 2763 1365 2807 omnibus
1395 2763 1441 2806 in
1463 2762 1531 2807 his
1546 2763 1703 2821 linguis

186 2828 344 2882 ubique
366 2829 643 2883 adhibeatur,
689 2833 734 2874 in
776 2833 924 2889 lingua
966 2833 1102 2876 latina
1152 2833 1278 2876 certis
1308 2834 1500 2876 terminis
1531 2834 1705 2878 circum-

187 2895 391 2951 scriptam
426 2912 531 2942 esse.
600 2898 800 2955 Quamvis
849 2900 1077 2944 discrimen
1124 2914 1224 2944 usus
1264 2900 1502 2956 particulae
1540 2901 1705 2957 „quod“
