<?xml version="1.0" encoding="UTF-8"?>
<!DOCTYPE html PUBLIC "-//W3C//DTD XHTML 1.0 Transitional//EN"
    "http://www.w3.org/TR/xhtml1/DTD/xhtml1-transitional.dtd">
<html xmlns="http://www.w3.org/1999/xhtml" xml:lang="en" lang="en">
 <head>
  <title>
</title>
<meta http-equiv="Content-Type" content="text/html;charset=utf-8" />
  <meta name='ocr-system' content='tesseract 3.04.00' />
  <meta name='ocr-capabilities' content='ocr_page ocr_carea ocr_par ocr_line ocrx_word'/>
</head>
<body>
  <div class='ocr_page' id='page_1' title='image "./4626094_0022.png"; bbox 0 0 1901 3153; ppageno 0'>
   <div class='ocr_carea' id='block_1_1' title="bbox 904 151 957 190">
    <p class='ocr_par' dir='ltr' id='par_1_1' title="bbox 904 151 957 190">
     <span class='ocr_line' id='line_1_1' title="bbox 904 151 957 190; baseline 0 0"><span class='ocrx_word' id='word_1_1' title='bbox 904 151 957 190; x_wconf 88' lang='lat'><strong>12</strong></span> 
     </span>
    </p>
   </div>
   <div class='ocr_carea' id='block_1_2' title="bbox 163 256 1699 2952">
    <p class='ocr_par' dir='ltr' id='par_1_2' title="bbox 163 256 1692 526">
     <span class='ocr_line' id='line_1_2' title="bbox 165 256 1692 321; baseline 0.006 -20"><span class='ocrx_word' id='word_1_2' title='bbox 165 256 275 302; x_wconf 83' lang='lat' dir='ltr'><strong>Gall.</strong></span> <span class='ocrx_word' id='word_1_3' title='bbox 288 262 326 301; x_wconf 91' lang='lat'><strong>3.</strong></span> <span class='ocrx_word' id='word_1_4' title='bbox 354 261 524 317; x_wconf 87' lang='lat' dir='ltr'><strong>cognito</strong></span> <span class='ocrx_word' id='word_1_5' title='bbox 539 261 654 317; x_wconf 88' lang='lat' dir='ltr'><strong>quod</strong></span> <span class='ocrx_word' id='word_1_6' title='bbox 676 261 839 306; x_wconf 89' lang='lat' dir='ltr'><strong>occisus</strong></span> <span class='ocrx_word' id='word_1_7' title='bbox 857 265 983 306; x_wconf 85' lang='lat' dir='ltr'><strong>esset.</strong></span> <span class='ocrx_word' id='word_1_8' title='bbox 1028 263 1137 307; x_wconf 99' lang='lat' dir='ltr'><strong>Item</strong></span> <span class='ocrx_word' id='word_1_9' title='bbox 1159 264 1328 321; x_wconf 87' lang='lat' dir='ltr'><strong>cognito</strong></span> <span class='ocrx_word' id='word_1_10' title='bbox 1344 265 1459 320; x_wconf 90' lang='lat' dir='ltr'><strong>quod</strong></span> <span class='ocrx_word' id='word_1_11' title='bbox 1486 265 1612 310; x_wconf 89' lang='lat' dir='ltr'><strong>Prob.</strong></span> <span class='ocrx_word' id='word_1_12' title='bbox 1627 270 1692 310; x_wconf 89' lang='lat'><strong>10.</strong></span> 
     </span>
     <span class='ocr_line' id='line_1_3' title="bbox 165 329 1690 390; baseline 0.005 -20"><span class='ocrx_word' id='word_1_13' title='bbox 165 331 352 371; x_wconf 84' lang='lat' dir='ltr'><strong>constat:</strong></span> <span class='ocrx_word' id='word_1_14' title='bbox 382 329 502 374; x_wconf 91' lang='lat' dir='ltr'><strong>Pesc.</strong></span> <span class='ocrx_word' id='word_1_15' title='bbox 523 331 703 388; x_wconf 85' lang='lat' dir='ltr'><strong>Nig.12.</strong></span> <span class='ocrx_word' id='word_1_16' title='bbox 740 332 856 375; x_wconf 85' lang='lat' dir='ltr'><strong>dico:</strong></span> <span class='ocrx_word' id='word_1_17' title='bbox 886 332 1105 377; x_wconf 88' lang='lat' dir='ltr'><strong>Maximin.</strong></span> <span class='ocrx_word' id='word_1_18' title='bbox 1125 339 1162 377; x_wconf 89' lang='lat'><strong>9.</strong></span> <span class='ocrx_word' id='word_1_19' title='bbox 1191 333 1328 390; x_wconf 88' lang='lat' dir='ltr'><strong>fingo:</strong></span> <span class='ocrx_word' id='word_1_20' title='bbox 1360 334 1472 378; x_wconf 87' lang='lat' dir='ltr'><strong>Pert.</strong></span> <span class='ocrx_word' id='word_1_21' title='bbox 1493 339 1532 378; x_wconf 87' lang='lat'><strong>4.</strong></span> <span class='ocrx_word' id='word_1_22' title='bbox 1564 335 1690 378; x_wconf 89' lang='lat' dir='ltr'><strong>Jul.8</strong></span> 
     </span>
     <span class='ocr_line' id='line_1_4' title="bbox 163 396 1688 453; baseline 0.006 -14"><span class='ocrx_word' id='word_1_23' title='bbox 163 396 324 453; x_wconf 84' lang='lat' dir='ltr'><strong>probo:</strong></span> <span class='ocrx_word' id='word_1_24' title='bbox 353 398 654 444; x_wconf 72' lang='lat' dir='ltr'><strong>Alex.SeV.17.</strong></span> <span class='ocrx_word' id='word_1_25' title='bbox 686 401 790 444; x_wconf 90' lang='lat' dir='ltr'><strong>scio:</strong></span> <span class='ocrx_word' id='word_1_26' title='bbox 821 400 1070 445; x_wconf 88' lang='lat' dir='ltr'><strong>Maxim.10.</strong></span> <span class='ocrx_word' id='word_1_27' title='bbox 1086 402 1274 446; x_wconf 82' lang='lat' dir='ltr'><strong>videtur:</strong></span> <span class='ocrx_word' id='word_1_28' title='bbox 1307 402 1558 448; x_wconf 88' lang='lat' dir='ltr'><strong>Ael.Ver.6.</strong></span> <span class='ocrx_word' id='word_1_29' title='bbox 1591 403 1688 448; x_wconf 90' lang='lat' dir='ltr'><strong>Ver.</strong></span> 
     </span>
     <span class='ocr_line' id='line_1_5' title="bbox 163 466 594 526; baseline 0.009 -17"><span class='ocrx_word' id='word_1_30' title='bbox 163 466 267 523; x_wconf 90' lang='lat' dir='ltr'>Imp.</span> <span class='ocrx_word' id='word_1_31' title='bbox 285 472 322 511; x_wconf 89' lang='lat'><strong>9.</strong></span> <span class='ocrx_word' id='word_1_32' title='bbox 351 467 594 526; x_wconf 85' lang='lat' dir='ltr'><strong>Heliog.21.</strong></span> 
     </span>
    </p>

    <p class='ocr_par' dir='ltr' id='par_1_3' title="bbox 163 537 1695 946">
     <span class='ocr_line' id='line_1_6' title="bbox 304 537 1690 599; baseline 0.005 -19"><span class='ocrx_word' id='word_1_33' title='bbox 304 537 467 589; x_wconf 82' lang='lat' dir='ltr'><strong>Quibus</strong></span> <span class='ocrx_word' id='word_1_34' title='bbox 494 539 672 595; x_wconf 88' lang='lat' dir='ltr'><strong>adiungi</strong></span> <span class='ocrx_word' id='word_1_35' title='bbox 700 543 881 595; x_wconf 78' lang='lat' dir='ltr'><strong>possunt</strong></span> <span class='ocrx_word' id='word_1_36' title='bbox 910 540 996 584; x_wconf 88' lang='lat' dir='ltr'><strong>alia</strong></span> <span class='ocrx_word' id='word_1_37' title='bbox 1027 541 1232 598; x_wconf 87' lang='lat' dir='ltr'><strong>exempla,</strong></span> <span class='ocrx_word' id='word_1_38' title='bbox 1264 542 1309 584; x_wconf 92' lang='lat' dir='ltr'><strong>in</strong></span> <span class='ocrx_word' id='word_1_39' title='bbox 1339 543 1493 597; x_wconf 87' lang='lat' dir='ltr'><strong>quibus</strong></span> <span class='ocrx_word' id='word_1_40' title='bbox 1523 543 1690 599; x_wconf 84' lang='lat' dir='ltr'><strong>‚‚quod“</strong></span> 
     </span>
     <span class='ocr_line' id='line_1_7' title="bbox 163 603 1695 668; baseline 0.005 -20"><span class='ocrx_word' id='word_1_41' title='bbox 163 603 329 660; x_wconf 87' lang='lat' dir='ltr'><strong>aliquid</strong></span> <span class='ocrx_word' id='word_1_42' title='bbox 360 608 618 652; x_wconf 81' lang='lat' dir='ltr'>antecedens</span> <span class='ocrx_word' id='word_1_43' title='bbox 651 609 893 652; x_wconf 83' lang='lat' dir='ltr'><strong>accuratius</strong></span> <span class='ocrx_word' id='word_1_44' title='bbox 926 610 1136 665; x_wconf 86' lang='lat' dir='ltr'><strong>exprimit.</strong></span> <span class='ocrx_word' id='word_1_45' title='bbox 1185 609 1352 653; x_wconf 90' lang='lat' dir='ltr'><strong>Gallien</strong></span> <span class='ocrx_word' id='word_1_46' title='bbox 1375 616 1448 654; x_wconf 87' lang='lat'><strong>17:</strong></span> <span class='ocrx_word' id='word_1_47' title='bbox 1487 613 1695 668; x_wconf 75' lang='lat' dir='ltr'><strong>comperit</strong></span> 
     </span>
     <span class='ocr_line' id='line_1_8' title="bbox 166 673 1695 734; baseline 0.005 -17"><span class='ocrx_word' id='word_1_48' title='bbox 166 673 220 717; x_wconf 90' lang='lat' dir='ltr'><strong>de</strong></span> <span class='ocrx_word' id='word_1_49' title='bbox 240 674 470 720; x_wconf 88' lang='lat' dir='ltr'><strong>Valeriano</strong></span> <span class='ocrx_word' id='word_1_50' title='bbox 502 677 616 732; x_wconf 88' lang='lat' dir='ltr'><strong>quod</strong></span> <span class='ocrx_word' id='word_1_51' title='bbox 647 681 798 734; x_wconf 88' lang='lat' dir='ltr'><strong>captus</strong></span> <span class='ocrx_word' id='word_1_52' title='bbox 827 681 951 721; x_wconf 89' lang='lat' dir='ltr'><strong>esset.</strong></span> <span class='ocrx_word' id='word_1_53' title='bbox 990 677 1222 734; x_wconf 88' lang='lat' dir='ltr'><strong>Pesc.Nig.</strong></span> <span class='ocrx_word' id='word_1_54' title='bbox 1246 684 1295 721; x_wconf 87' lang='lat'><strong>9:</strong></span> <span class='ocrx_word' id='word_1_55' title='bbox 1327 678 1379 722; x_wconf 90' lang='lat' dir='ltr'><strong>de</strong></span> <span class='ocrx_word' id='word_1_56' title='bbox 1397 679 1479 724; x_wconf 92' lang='lat' dir='ltr'><strong>hoc</strong></span> <span class='ocrx_word' id='word_1_57' title='bbox 1497 681 1695 724; x_wconf 86' lang='lat' dir='ltr'><strong>dixerunt</strong></span> 
     </span>
     <span class='ocr_line' id='line_1_9' title="bbox 165 744 1690 804; baseline 0.005 -17"><span class='ocrx_word' id='word_1_58' title='bbox 165 744 280 800; x_wconf 88' lang='lat' dir='ltr'><strong>quod</strong></span> <span class='ocrx_word' id='word_1_59' title='bbox 307 749 512 791; x_wconf 88' lang='lat' dir='ltr'><strong>venturus</strong></span> <span class='ocrx_word' id='word_1_60' title='bbox 544 751 670 791; x_wconf 91' lang='lat' dir='ltr'><strong>esset.</strong></span> <span class='ocrx_word' id='word_1_61' title='bbox 702 748 801 804; x_wconf 88' lang='lat' dir='ltr'><strong>trig.</strong></span> <span class='ocrx_word' id='word_1_62' title='bbox 834 762 865 791; x_wconf 91' lang='lat' dir='ltr'><strong>c.</strong></span> <span class='ocrx_word' id='word_1_63' title='bbox 895 752 938 791; x_wconf 82' lang='lat'><strong>6:</strong></span> <span class='ocrx_word' id='word_1_64' title='bbox 970 762 997 792; x_wconf 87' lang='lat' dir='ltr'><strong>a</strong></span> <span class='ocrx_word' id='word_1_65' title='bbox 1022 747 1166 791; x_wconf 90' lang='lat' dir='ltr'><strong>multis</strong></span> <span class='ocrx_word' id='word_1_66' title='bbox 1196 748 1331 791; x_wconf 88' lang='lat' dir='ltr'><strong>multa</strong></span> <span class='ocrx_word' id='word_1_67' title='bbox 1361 752 1460 791; x_wconf 91' lang='lat' dir='ltr'><strong>sunt</strong></span> <span class='ocrx_word' id='word_1_68' title='bbox 1490 749 1605 793; x_wconf 90' lang='lat' dir='ltr'><strong>dicta</strong></span> <span class='ocrx_word' id='word_1_69' title='bbox 1637 750 1690 794; x_wconf 91' lang='lat' dir='ltr'><strong>de</strong></span> 
     </span>
     <span class='ocr_line' id='line_1_10' title="bbox 163 814 1693 876; baseline 0.003 -18"><span class='ocrx_word' id='word_1_70' title='bbox 163 814 246 858; x_wconf 91' lang='lat' dir='ltr'><strong>hoc</strong></span> <span class='ocrx_word' id='word_1_71' title='bbox 276 816 402 871; x_wconf 89' lang='lat' dir='ltr'><strong>quod.</strong></span> <span class='ocrx_word' id='word_1_72' title='bbox 440 816 561 860; x_wconf 89' lang='lat' dir='ltr'><strong>Avid.</strong></span> <span class='ocrx_word' id='word_1_73' title='bbox 579 817 697 860; x_wconf 88' lang='lat' dir='ltr'><strong>Cass.</strong></span> <span class='ocrx_word' id='word_1_74' title='bbox 722 822 785 860; x_wconf 87' lang='lat'><strong>9.:</strong></span> <span class='ocrx_word' id='word_1_75' title='bbox 815 816 952 861; x_wconf 90' lang='lat' dir='ltr'><strong>Verus</strong></span> <span class='ocrx_word' id='word_1_76' title='bbox 983 816 1087 860; x_wconf 88' lang='lat' dir='ltr'><strong>mihi</strong></span> <span class='ocrx_word' id='word_1_77' title='bbox 1116 816 1169 860; x_wconf 92' lang='lat' dir='ltr'><strong>de</strong></span> <span class='ocrx_word' id='word_1_78' title='bbox 1198 817 1351 861; x_wconf 79' lang='lat' dir='ltr'><strong>Avidio</strong></span> <span class='ocrx_word' id='word_1_79' title='bbox 1381 831 1527 861; x_wconf 87' lang='lat' dir='ltr'><strong>verum</strong></span> <span class='ocrx_word' id='word_1_80' title='bbox 1557 819 1693 876; x_wconf 89' lang='lat' dir='ltr'><strong>scrip·</strong></span> 
     </span>
     <span class='ocr_line' id='line_1_11' title="bbox 165 886 1690 946; baseline 0.003 -17"><span class='ocrx_word' id='word_1_81' title='bbox 165 888 281 929; x_wconf 87' lang='lat' dir='ltr'><strong>serat</strong></span> <span class='ocrx_word' id='word_1_82' title='bbox 304 886 418 941; x_wconf 91' lang='lat' dir='ltr'><strong>quod</strong></span> <span class='ocrx_word' id='word_1_83' title='bbox 432 890 618 943; x_wconf 89' lang='lat' dir='ltr'><strong>caperet.</strong></span> <span class='ocrx_word' id='word_1_84' title='bbox 650 887 748 944; x_wconf 89' lang='lat' dir='ltr'><strong>trig.</strong></span> <span class='ocrx_word' id='word_1_85' title='bbox 764 902 799 931; x_wconf 93' lang='grc'><strong>0.</strong></span> <span class='ocrx_word' id='word_1_86' title='bbox 818 892 842 930; x_wconf 89' lang='lat'><strong>3</strong></span> <span class='ocrx_word' id='word_1_87' title='bbox 876 887 929 932; x_wconf 89' lang='lat' dir='ltr'><strong>de</strong></span> <span class='ocrx_word' id='word_1_88' title='bbox 958 901 1040 944; x_wconf 90' lang='lat' dir='ltr'><strong>quo</strong></span> <span class='ocrx_word' id='word_1_89' title='bbox 1066 901 1190 944; x_wconf 89' lang='lat' dir='ltr'><strong>spero</strong></span> <span class='ocrx_word' id='word_1_90' title='bbox 1213 888 1325 944; x_wconf 89' lang='lat' dir='ltr'><strong>quod</strong></span> <span class='ocrx_word' id='word_1_91' title='bbox 1348 889 1511 946; x_wconf 86' lang='lat' dir='ltr'><strong>gratias</strong></span> <span class='ocrx_word' id='word_1_92' title='bbox 1535 889 1690 946; x_wconf 86' lang='lat' dir='ltr'><strong>agetis.</strong></span> 
     </span>
    </p>

    <p class='ocr_par' dir='ltr' id='par_1_4' title="bbox 165 955 1692 1294">
     <span class='ocr_line' id='line_1_12' title="bbox 304 955 1692 1015; baseline 0.002 -16"><span class='ocrx_word' id='word_1_93' title='bbox 304 955 499 1012; x_wconf 91' lang='lat' dir='ltr'><strong>Denique</strong></span> <span class='ocrx_word' id='word_1_94' title='bbox 527 957 797 1001; x_wconf 87' lang='lat' dir='ltr'><strong>substantiva</strong></span> <span class='ocrx_word' id='word_1_95' title='bbox 827 972 921 1001; x_wconf 88' lang='lat' dir='ltr'><strong>cum</strong></span> <span class='ocrx_word' id='word_1_96' title='bbox 943 958 1084 1002; x_wconf 87' lang='lat' dir='ltr'><strong>verbis</strong></span> <span class='ocrx_word' id='word_1_97' title='bbox 1101 959 1326 1002; x_wconf 87' lang='lat' dir='ltr'><strong>coniuncta</strong></span> <span class='ocrx_word' id='word_1_98' title='bbox 1357 958 1521 1013; x_wconf 83' lang='lat' dir='ltr'><strong>‚‚quod“</strong></span> <span class='ocrx_word' id='word_1_99' title='bbox 1552 960 1692 1015; x_wconf 89' lang='lat' dir='ltr'><strong>sequi-</strong></span> 
     </span>
     <span class='ocr_line' id='line_1_13' title="bbox 166 1024 1691 1083; baseline 0.004 -16"><span class='ocrx_word' id='word_1_100' title='bbox 166 1028 237 1068; x_wconf 89' lang='lat' dir='ltr'><strong>tur</strong></span> <span class='ocrx_word' id='word_1_101' title='bbox 265 1024 311 1068; x_wconf 91' lang='lat' dir='ltr'><strong>in</strong></span> <span class='ocrx_word' id='word_1_102' title='bbox 337 1025 405 1069; x_wconf 93' lang='lat' dir='ltr'><strong>his</strong></span> <span class='ocrx_word' id='word_1_103' title='bbox 436 1027 667 1082; x_wconf 87' lang='lat' dir='ltr'><strong>exemplis:</strong></span> <span class='ocrx_word' id='word_1_104' title='bbox 700 1027 942 1083; x_wconf 83' lang='lat' dir='ltr'><strong>opinionem</strong></span> <span class='ocrx_word' id='word_1_105' title='bbox 965 1026 1114 1071; x_wconf 89' lang='lat' dir='ltr'><strong>refello</strong></span> <span class='ocrx_word' id='word_1_106' title='bbox 1129 1026 1241 1071; x_wconf 88' lang='lat' dir='ltr'><strong>Had.</strong></span> <span class='ocrx_word' id='word_1_107' title='bbox 1260 1032 1297 1070; x_wconf 83' lang='grc'><strong>7.</strong></span> <span class='ocrx_word' id='word_1_108' title='bbox 1326 1041 1423 1070; x_wconf 86' lang='lat' dir='ltr'><strong>vox:</strong></span> <span class='ocrx_word' id='word_1_109' title='bbox 1458 1028 1556 1072; x_wconf 90' lang='lat' dir='ltr'><strong>Ant.</strong></span> <span class='ocrx_word' id='word_1_110' title='bbox 1574 1029 1635 1073; x_wconf 91' lang='lat' dir='ltr'><strong>Pi.</strong></span> <span class='ocrx_word' id='word_1_111' title='bbox 1652 1033 1691 1073; x_wconf 89' lang='grc'><strong>8.</strong></span> 
     </span>
     <span class='ocr_line' id='line_1_14' title="bbox 165 1093 1692 1157; baseline 0.003 -21"><span class='ocrx_word' id='word_1_112' title='bbox 165 1106 304 1137; x_wconf 90' lang='lat' dir='ltr'><strong>sermo</strong></span> <span class='ocrx_word' id='word_1_113' title='bbox 336 1094 434 1139; x_wconf 91' lang='lat' dir='ltr'><strong>Ant.</strong></span> <span class='ocrx_word' id='word_1_114' title='bbox 451 1095 559 1138; x_wconf 91' lang='lat' dir='ltr'><strong>Phil.</strong></span> <span class='ocrx_word' id='word_1_115' title='bbox 579 1099 645 1138; x_wconf 85' lang='lat'><strong>15.</strong></span> <span class='ocrx_word' id='word_1_116' title='bbox 670 1100 737 1139; x_wconf 83' lang='lat'><strong>23.</strong></span> <span class='ocrx_word' id='word_1_117' title='bbox 776 1095 873 1138; x_wconf 92' lang='lat' dir='ltr'><strong>Ver.</strong></span> <span class='ocrx_word' id='word_1_118' title='bbox 895 1095 997 1151; x_wconf 91' lang='lat' dir='ltr'><strong>Imp.</strong></span> <span class='ocrx_word' id='word_1_119' title='bbox 1018 1101 1081 1138; x_wconf 84' lang='lat'><strong>10.</strong></span> <span class='ocrx_word' id='word_1_120' title='bbox 1104 1095 1242 1138; x_wconf 86' lang='lat' dir='ltr'><strong>fama:</strong></span> <span class='ocrx_word' id='word_1_121' title='bbox 1283 1096 1378 1139; x_wconf 88' lang='lat' dir='ltr'><strong>Ant.</strong></span> <span class='ocrx_word' id='word_1_122' title='bbox 1392 1097 1500 1140; x_wconf 92' lang='lat' dir='ltr'><strong>Phil.</strong></span> <span class='ocrx_word' id='word_1_123' title='bbox 1520 1093 1587 1157; x_wconf 61' lang='lat'><strong>232</strong></span> <span class='ocrx_word' id='word_1_124' title='bbox 1624 1112 1692 1140; x_wconf 94' lang='lat' dir='ltr'><strong>ru-</strong></span> 
     </span>
     <span class='ocr_line' id='line_1_15' title="bbox 166 1160 1692 1223; baseline 0.003 -16"><span class='ocrx_word' id='word_1_125' title='bbox 166 1177 280 1208; x_wconf 88' lang='lat' dir='ltr'><strong>mor:</strong></span> <span class='ocrx_word' id='word_1_126' title='bbox 310 1165 405 1209; x_wconf 90' lang='lat' dir='ltr'><strong>Ver.</strong></span> <span class='ocrx_word' id='word_1_127' title='bbox 422 1166 516 1223; x_wconf 93' lang='lat' dir='ltr'><strong>Imp</strong></span> <span class='ocrx_word' id='word_1_128' title='bbox 548 1171 602 1209; x_wconf 93' lang='lat'><strong>10</strong></span> <span class='ocrx_word' id='word_1_129' title='bbox 632 1169 735 1210; x_wconf 89' lang='lat' dir='ltr'><strong>nota</strong></span> <span class='ocrx_word' id='word_1_130' title='bbox 767 1169 833 1210; x_wconf 89' lang='lat' dir='ltr'><strong>est</strong></span> <span class='ocrx_word' id='word_1_131' title='bbox 854 1166 1021 1210; x_wconf 85' lang='lat' dir='ltr'><strong>fabula:</strong></span> <span class='ocrx_word' id='word_1_132' title='bbox 1056 1166 1153 1210; x_wconf 89' lang='lat' dir='ltr'><strong>Ver.</strong></span> <span class='ocrx_word' id='word_1_133' title='bbox 1172 1166 1277 1222; x_wconf 92' lang='lat' dir='ltr'><strong>Imp.</strong></span> <span class='ocrx_word' id='word_1_134' title='bbox 1301 1171 1366 1209; x_wconf 88' lang='lat'><strong>11.</strong></span> <span class='ocrx_word' id='word_1_135' title='bbox 1403 1169 1496 1210; x_wconf 85' lang='lat' dir='ltr'><strong>ome</strong></span> <span class='ocrx_word' id='word_1_136' title='bbox 1533 1160 1692 1211; x_wconf 67' lang='lat' dir='ltr'><strong>faeces-</strong></span> 
     </span>
     <span class='ocr_line' id='line_1_16' title="bbox 166 1233 1587 1294; baseline 0.001 -18"><span class='ocrx_word' id='word_1_137' title='bbox 166 1233 240 1276; x_wconf 88' lang='lat' dir='ltr'><strong>sit:</strong></span> <span class='ocrx_word' id='word_1_138' title='bbox 270 1235 461 1278; x_wconf 88' lang='lat' dir='ltr'><strong>Albin.5.</strong></span> <span class='ocrx_word' id='word_1_139' title='bbox 496 1235 674 1278; x_wconf 82' lang='lat' dir='ltr'><strong>fabella:</strong></span> <span class='ocrx_word' id='word_1_140' title='bbox 704 1235 852 1278; x_wconf 83' lang='lat' dir='ltr'><strong>Carae.</strong></span> <span class='ocrx_word' id='word_1_141' title='bbox 874 1240 911 1278; x_wconf 86' lang='lat'><strong>8.</strong></span> <span class='ocrx_word' id='word_1_142' title='bbox 940 1235 1194 1290; x_wconf 86' lang='lat' dir='ltr'><strong>trepidatio:</strong></span> <span class='ocrx_word' id='word_1_143' title='bbox 1228 1234 1320 1278; x_wconf 87' lang='lat' dir='ltr'><strong>Sev.</strong></span> <span class='ocrx_word' id='word_1_144' title='bbox 1340 1240 1377 1278; x_wconf 89' lang='grc'><strong>6.</strong></span> <span class='ocrx_word' id='word_1_145' title='bbox 1559 1268 1587 1294; x_wconf 25' lang='grc' dir='ltr'><strong>(Ὦ</strong></span> 
     </span>
    </p>

    <p class='ocr_par' dir='ltr' id='par_1_5' title="bbox 163 1304 1695 1914">
     <span class='ocr_line' id='line_1_17' title="bbox 304 1304 1686 1362; baseline 0.001 -15"><span class='ocrx_word' id='word_1_146' title='bbox 304 1304 492 1355; x_wconf 84' lang='lat' dir='ltr'><strong>Quorum</strong></span> <span class='ocrx_word' id='word_1_147' title='bbox 525 1307 814 1362; x_wconf 87' lang='lat' dir='ltr'><strong>exemplorum</strong></span> <span class='ocrx_word' id='word_1_148' title='bbox 856 1306 963 1350; x_wconf 90' lang='lat' dir='ltr'><strong>haec</strong></span> <span class='ocrx_word' id='word_1_149' title='bbox 1005 1306 1237 1350; x_wconf 90' lang='lat' dir='ltr'><strong>indicativo</strong></span> <span class='ocrx_word' id='word_1_150' title='bbox 1281 1308 1526 1349; x_wconf 88' lang='lat' dir='ltr'><strong>constructa</strong></span> <span class='ocrx_word' id='word_1_151' title='bbox 1569 1308 1686 1349; x_wconf 92' lang='lat' dir='ltr'><strong>sunt:</strong></span> 
     </span>
     <span class='ocr_line' id='line_1_18' title="bbox 164 1370 1690 1430; baseline 0.003 -16"><span class='ocrx_word' id='word_1_152' title='bbox 164 1370 282 1415; x_wconf 90' lang='lat' dir='ltr'><strong>Pesc.</strong></span> <span class='ocrx_word' id='word_1_153' title='bbox 302 1372 398 1429; x_wconf 90' lang='lat' dir='ltr'><strong>Nig.</strong></span> <span class='ocrx_word' id='word_1_154' title='bbox 422 1378 495 1416; x_wconf 84' lang='lat'><strong>12:</strong></span> <span class='ocrx_word' id='word_1_155' title='bbox 542 1375 659 1430; x_wconf 89' lang='lat' dir='ltr'><strong>apud</strong></span> <span class='ocrx_word' id='word_1_156' title='bbox 696 1388 841 1418; x_wconf 92' lang='lat' dir='ltr'><strong>omnes</strong></span> <span class='ocrx_word' id='word_1_157' title='bbox 880 1378 1059 1418; x_wconf 87' lang='lat' dir='ltr'><strong>constat.</strong></span> <span class='ocrx_word' id='word_1_158' title='bbox 1098 1375 1228 1417; x_wconf 87' lang='lat' dir='ltr'><strong>Macr.</strong></span> <span class='ocrx_word' id='word_1_159' title='bbox 1246 1379 1320 1417; x_wconf 89' lang='lat'><strong>10:</strong></span> <span class='ocrx_word' id='word_1_160' title='bbox 1368 1374 1586 1417; x_wconf 89' lang='lat' dir='ltr'><strong>sciendum</strong></span> <span class='ocrx_word' id='word_1_161' title='bbox 1624 1378 1690 1418; x_wconf 87' lang='lat' dir='ltr'><strong>est</strong></span> 
     </span>
     <span class='ocr_line' id='line_1_19' title="bbox 165 1441 1692 1500; baseline 0.003 -16"><span class='ocrx_word' id='word_1_162' title='bbox 165 1441 291 1497; x_wconf 88' lang='lat' dir='ltr'><strong>quod.</strong></span> <span class='ocrx_word' id='word_1_163' title='bbox 330 1442 428 1486; x_wconf 87' lang='lat' dir='ltr'><strong>Ver.</strong></span> <span class='ocrx_word' id='word_1_164' title='bbox 444 1443 547 1500; x_wconf 92' lang='lat' dir='ltr'><strong>Imp.</strong></span> <span class='ocrx_word' id='word_1_165' title='bbox 569 1449 644 1487; x_wconf 83' lang='lat'><strong>11:</strong></span> <span class='ocrx_word' id='word_1_166' title='bbox 674 1448 777 1488; x_wconf 90' lang='lat' dir='ltr'><strong>nota</strong></span> <span class='ocrx_word' id='word_1_167' title='bbox 804 1448 870 1488; x_wconf 91' lang='lat' dir='ltr'><strong>est</strong></span> <span class='ocrx_word' id='word_1_168' title='bbox 904 1444 1062 1489; x_wconf 85' lang='lat' dir='ltr'><strong>fabula.</strong></span> <span class='ocrx_word' id='word_1_169' title='bbox 1101 1444 1240 1488; x_wconf 87' lang='lat' dir='ltr'><strong>Albin.</strong></span> <span class='ocrx_word' id='word_1_170' title='bbox 1260 1448 1306 1487; x_wconf 88' lang='lat'><strong>5:</strong></span> <span class='ocrx_word' id='word_1_171' title='bbox 1348 1458 1472 1487; x_wconf 89' lang='lat' dir='ltr'><strong>omen</strong></span> <span class='ocrx_word' id='word_1_172' title='bbox 1500 1445 1692 1488; x_wconf 89' lang='lat' dir='ltr'><strong>accessit.</strong></span> 
     </span>
     <span class='ocr_line' id='line_1_20' title="bbox 165 1510 1693 1570; baseline 0.003 -17"><span class='ocrx_word' id='word_1_173' title='bbox 165 1510 351 1556; x_wconf 86' lang='lat' dir='ltr'><strong>Maxime</strong></span> <span class='ocrx_word' id='word_1_174' title='bbox 393 1512 644 1558; x_wconf 86' lang='lat' dir='ltr'><strong>inusitatum</strong></span> <span class='ocrx_word' id='word_1_175' title='bbox 686 1514 822 1558; x_wconf 87' lang='lat' dir='ltr'><strong>videri</strong></span> <span class='ocrx_word' id='word_1_176' title='bbox 851 1517 994 1570; x_wconf 88' lang='lat' dir='ltr'><strong>potest</strong></span> <span class='ocrx_word' id='word_1_177' title='bbox 1021 1514 1121 1570; x_wconf 87' lang='lat' dir='ltr'><strong>trig.</strong></span> <span class='ocrx_word' id='word_1_178' title='bbox 1142 1518 1188 1556; x_wconf 82' lang='lat'><strong>3:</strong></span> <span class='ocrx_word' id='word_1_179' title='bbox 1231 1513 1283 1557; x_wconf 91' lang='lat' dir='ltr'><strong>de</strong></span> <span class='ocrx_word' id='word_1_180' title='bbox 1312 1527 1395 1569; x_wconf 90' lang='lat' dir='ltr'><strong>quo</strong></span> <span class='ocrx_word' id='word_1_181' title='bbox 1423 1526 1547 1568; x_wconf 88' lang='lat' dir='ltr'><strong>spero</strong></span> <span class='ocrx_word' id='word_1_182' title='bbox 1578 1513 1693 1569; x_wconf 89' lang='lat' dir='ltr'><strong>quod</strong></span> 
     </span>
     <span class='ocr_line' id='line_1_21' title="bbox 165 1582 1692 1639; baseline 0 -14"><span class='ocrx_word' id='word_1_183' title='bbox 165 1582 329 1637; x_wconf 86' lang='lat' dir='ltr'><strong>gratias</strong></span> <span class='ocrx_word' id='word_1_184' title='bbox 346 1584 511 1639; x_wconf 88' lang='lat' dir='ltr'><strong>agetis“</strong></span> <span class='ocrx_word' id='word_1_185' title='bbox 543 1598 638 1627; x_wconf 92' lang='lat' dir='ltr'><strong>cum</strong></span> <span class='ocrx_word' id='word_1_186' title='bbox 667 1583 738 1626; x_wconf 94' lang='lat' dir='ltr'><strong>hic</strong></span> <span class='ocrx_word' id='word_1_187' title='bbox 765 1582 1022 1626; x_wconf 88' lang='lat' dir='ltr'><strong>indicativus</strong></span> <span class='ocrx_word' id='word_1_188' title='bbox 1053 1582 1185 1624; x_wconf 91' lang='lat' dir='ltr'><strong>futuri</strong></span> <span class='ocrx_word' id='word_1_189' title='bbox 1215 1587 1447 1637; x_wconf 87' lang='lat' dir='ltr'><strong>usurpatus</strong></span> <span class='ocrx_word' id='word_1_190' title='bbox 1477 1583 1542 1625; x_wconf 90' lang='lat' dir='ltr'><strong>sit.</strong></span> <span class='ocrx_word' id='word_1_191' title='bbox 1596 1583 1692 1625; x_wconf 93' lang='lat' dir='ltr'><strong>Om-</strong></span> 
     </span>
     <span class='ocr_line' id='line_1_22' title="bbox 163 1650 1694 1706; baseline 0.001 -14"><span class='ocrx_word' id='word_1_192' title='bbox 163 1650 265 1693; x_wconf 90' lang='lat' dir='ltr'><strong>nino</strong></span> <span class='ocrx_word' id='word_1_193' title='bbox 296 1656 439 1694; x_wconf 90' lang='lat' dir='ltr'><strong>autem</strong></span> <span class='ocrx_word' id='word_1_194' title='bbox 471 1651 773 1695; x_wconf 85' lang='lat' dir='ltr'><strong>affirmandum</strong></span> <span class='ocrx_word' id='word_1_195' title='bbox 798 1655 883 1702; x_wconf 88' lang='lat' dir='ltr'><strong>est,</strong></span> <span class='ocrx_word' id='word_1_196' title='bbox 922 1651 1052 1693; x_wconf 91' lang='lat' dir='ltr'><strong>etiam</strong></span> <span class='ocrx_word' id='word_1_197' title='bbox 1087 1650 1204 1705; x_wconf 86' lang='lat' dir='ltr'><strong>apud</strong></span> <span class='ocrx_word' id='word_1_198' title='bbox 1242 1650 1320 1692; x_wconf 89' lang='lat' dir='ltr'><strong>hos</strong></span> <span class='ocrx_word' id='word_1_199' title='bbox 1361 1651 1591 1706; x_wconf 89' lang='lat' dir='ltr'><strong>scriptores</strong></span> <span class='ocrx_word' id='word_1_200' title='bbox 1624 1651 1694 1694; x_wconf 91' lang='lat' dir='ltr'><strong>de-</strong></span> 
     </span>
     <span class='ocr_line' id='line_1_23' title="bbox 165 1719 1693 1775; baseline 0.001 -13"><span class='ocrx_word' id='word_1_201' title='bbox 165 1720 335 1762; x_wconf 90' lang='lat' dir='ltr'><strong>terioris</strong></span> <span class='ocrx_word' id='word_1_202' title='bbox 363 1725 490 1764; x_wconf 83' lang='lat' dir='ltr'><strong>notae</strong></span> <span class='ocrx_word' id='word_1_203' title='bbox 529 1721 697 1775; x_wconf 81' lang='lat' dir='ltr'><strong>„quod“</strong></span> <span class='ocrx_word' id='word_1_204' title='bbox 746 1724 845 1775; x_wconf 87' lang='lat' dir='ltr'><strong>post</strong></span> <span class='ocrx_word' id='word_1_205' title='bbox 867 1720 999 1763; x_wconf 87' lang='lat' dir='ltr'><strong>verba</strong></span> <span class='ocrx_word' id='word_1_206' title='bbox 1029 1722 1133 1762; x_wconf 91' lang='lat' dir='ltr'><strong>sent.</strong></span> <span class='ocrx_word' id='word_1_207' title='bbox 1159 1722 1202 1762; x_wconf 91' lang='lat' dir='ltr'><strong>et</strong></span> <span class='ocrx_word' id='word_1_208' title='bbox 1233 1719 1337 1762; x_wconf 92' lang='lat' dir='ltr'><strong>decl.</strong></span> <span class='ocrx_word' id='word_1_209' title='bbox 1366 1719 1459 1763; x_wconf 90' lang='lat' dir='ltr'><strong>loco</strong></span> <span class='ocrx_word' id='word_1_210' title='bbox 1491 1720 1597 1762; x_wconf 91' lang='lat' dir='ltr'><strong>meri</strong></span> <span class='ocrx_word' id='word_1_211' title='bbox 1622 1720 1693 1764; x_wconf 92' lang='lat' dir='ltr'><strong>ob-</strong></span> 
     </span>
     <span class='ocr_line' id='line_1_24' title="bbox 165 1788 1695 1845; baseline 0.002 -15"><span class='ocrx_word' id='word_1_212' title='bbox 165 1788 265 1831; x_wconf 85' lang='lat' dir='ltr'><strong>iecti</strong></span> <span class='ocrx_word' id='word_1_213' title='bbox 291 1790 479 1843; x_wconf 89' lang='lat' dir='ltr'><strong>positum</strong></span> <span class='ocrx_word' id='word_1_214' title='bbox 509 1804 647 1844; x_wconf 91' lang='lat' dir='ltr'><strong>neque</strong></span> <span class='ocrx_word' id='word_1_215' title='bbox 678 1790 910 1844; x_wconf 90' lang='lat' dir='ltr'><strong>quidquam</strong></span> <span class='ocrx_word' id='word_1_216' title='bbox 928 1789 1184 1832; x_wconf 87' lang='lat' dir='ltr'><strong>antecedens</strong></span> <span class='ocrx_word' id='word_1_217' title='bbox 1208 1789 1450 1832; x_wconf 88' lang='lat' dir='ltr'><strong>accuratius</strong></span> <span class='ocrx_word' id='word_1_218' title='bbox 1478 1790 1695 1845; x_wconf 85' lang='lat' dir='ltr'><strong>explicans</strong></span> 
     </span>
     <span class='ocr_line' id='line_1_25' title="bbox 164 1857 918 1914; baseline 0.001 -14"><span class='ocrx_word' id='word_1_219' title='bbox 164 1857 325 1913; x_wconf 92' lang='lat' dir='ltr'><strong>ubique</strong></span> <span class='ocrx_word' id='word_1_220' title='bbox 350 1859 664 1902; x_wconf 84' lang='lat' dir='ltr'><strong>coniunctivum</strong></span> <span class='ocrx_word' id='word_1_221' title='bbox 685 1858 918 1914; x_wconf 90' lang='lat' dir='ltr'><strong>postulare.</strong></span> 
     </span>
    </p>

    <p class='ocr_par' dir='ltr' id='par_1_6' title="bbox 166 1926 1697 2314">
     <span class='ocr_line' id='line_1_26' title="bbox 304 1926 1696 1983; baseline 0.003 -15"><span class='ocrx_word' id='word_1_222' title='bbox 304 1926 532 1970; x_wconf 90' lang='lat' dir='ltr'><strong>Nonnullis</strong></span> <span class='ocrx_word' id='word_1_223' title='bbox 561 1928 666 1970; x_wconf 91' lang='lat' dir='ltr'><strong>locis</strong></span> <span class='ocrx_word' id='word_1_224' title='bbox 694 1928 768 1970; x_wconf 91' lang='lat' dir='ltr'><strong>alii</strong></span> <span class='ocrx_word' id='word_1_225' title='bbox 795 1928 1026 1983; x_wconf 88' lang='lat' dir='ltr'><strong>scriptores</strong></span> <span class='ocrx_word' id='word_1_226' title='bbox 1057 1926 1212 1982; x_wconf 89' lang='lat' dir='ltr'><strong>prioris</strong></span> <span class='ocrx_word' id='word_1_227' title='bbox 1233 1927 1388 1970; x_wconf 83' lang='lat' dir='ltr'><strong>aetatis</strong></span> <span class='ocrx_word' id='word_1_228' title='bbox 1416 1927 1584 1983; x_wconf 85' lang='lat' dir='ltr'><strong>„quod“</strong></span> <span class='ocrx_word' id='word_1_229' title='bbox 1614 1928 1696 1972; x_wconf 91' lang='lat' dir='ltr'><strong>hoc</strong></span> 
     </span>
     <span class='ocr_line' id='line_1_27' title="bbox 168 1994 1697 2051; baseline 0.001 -14"><span class='ocrx_word' id='word_1_230' title='bbox 168 1994 294 2038; x_wconf 92' lang='lat' dir='ltr'><strong>modo</strong></span> <span class='ocrx_word' id='word_1_231' title='bbox 324 1996 568 2040; x_wconf 84' lang='lat' dir='ltr'><strong>adhibitum</strong></span> <span class='ocrx_word' id='word_1_232' title='bbox 598 2011 694 2040; x_wconf 91' lang='lat' dir='ltr'><strong>cum</strong></span> <span class='ocrx_word' id='word_1_233' title='bbox 723 1996 956 2040; x_wconf 86' lang='lat' dir='ltr'><strong>indicativo</strong></span> <span class='ocrx_word' id='word_1_234' title='bbox 988 1996 1272 2051; x_wconf 88' lang='lat' dir='ltr'><strong>coniungunt,</strong></span> <span class='ocrx_word' id='word_1_235' title='bbox 1305 1996 1381 2038; x_wconf 91' lang='lat' dir='ltr'><strong>sed</strong></span> <span class='ocrx_word' id='word_1_236' title='bbox 1396 2009 1583 2051; x_wconf 88' lang='lat' dir='ltr'><strong>perraro.</strong></span> <span class='ocrx_word' id='word_1_237' title='bbox 1629 2001 1697 2040; x_wconf 89' lang='lat' dir='ltr'><strong>Ita</strong></span> 
     </span>
     <span class='ocr_line' id='line_1_28' title="bbox 169 2062 1693 2121; baseline 0.003 -16"><span class='ocrx_word' id='word_1_238' title='bbox 169 2062 403 2116; x_wconf 60' lang='lat' dir='ltr'><strong>Petronius3</strong></span> <span class='ocrx_word' id='word_1_239' title='bbox 436 2064 488 2109; x_wconf 89' lang='lat' dir='ltr'><strong>de</strong></span> <span class='ocrx_word' id='word_1_240' title='bbox 518 2079 603 2121; x_wconf 90' lang='lat' dir='ltr'><strong>quo</strong></span> <span class='ocrx_word' id='word_1_241' title='bbox 631 2066 729 2109; x_wconf 86' lang='lat' dir='ltr'><strong>vide</strong></span> <span class='ocrx_word' id='word_1_242' title='bbox 758 2065 917 2110; x_wconf 85' lang='lat' dir='ltr'><strong>Studer</strong></span> <span class='ocrx_word' id='word_1_243' title='bbox 947 2066 990 2108; x_wconf 89' lang='lat' dir='ltr'><strong>in</strong></span> <span class='ocrx_word' id='word_1_244' title='bbox 1020 2065 1169 2108; x_wconf 89' lang='lat' dir='ltr'><strong>Museo</strong></span> <span class='ocrx_word' id='word_1_245' title='bbox 1187 2065 1394 2107; x_wconf 88' lang='lat' dir='ltr'><strong>Rhenano</strong></span> <span class='ocrx_word' id='word_1_246' title='bbox 1422 2065 1463 2108; x_wconf 88' lang='lat'><strong>11</strong></span> <span class='ocrx_word' id='word_1_247' title='bbox 1493 2080 1532 2121; x_wconf 92' lang='lat' dir='ltr'><strong>p.</strong></span> <span class='ocrx_word' id='word_1_248' title='bbox 1552 2070 1693 2109; x_wconf 82' lang='lat'><strong>77-91.</strong></span> 
     </span>
     <span class='ocr_line' id='line_1_29' title="bbox 167 2131 1696 2192; baseline 0.003 -18"><span class='ocrx_word' id='word_1_249' title='bbox 167 2131 393 2177; x_wconf 88' lang='lat' dir='ltr'><strong>Petronius</strong></span> <span class='ocrx_word' id='word_1_250' title='bbox 423 2138 579 2189; x_wconf 91' lang='lat' dir='ltr'><strong>autem,</strong></span> <span class='ocrx_word' id='word_1_251' title='bbox 625 2136 779 2190; x_wconf 86' lang='lat' dir='ltr'><strong>quibus</strong></span> <span class='ocrx_word' id='word_1_252' title='bbox 826 2135 931 2178; x_wconf 91' lang='lat' dir='ltr'><strong>locis</strong></span> <span class='ocrx_word' id='word_1_253' title='bbox 981 2135 1195 2191; x_wconf 85' lang='lat' dir='ltr'><strong>plebeiam</strong></span> <span class='ocrx_word' id='word_1_254' title='bbox 1234 2135 1461 2177; x_wconf 89' lang='lat' dir='ltr'><strong>dictionem</strong></span> <span class='ocrx_word' id='word_1_255' title='bbox 1504 2139 1696 2192; x_wconf 83' lang='lat' dir='ltr'><strong>usurpat,</strong></span> 
     </span>
     <span class='ocr_line' id='line_1_30' title="bbox 171 2199 1696 2260; baseline 0.005 -18"><span class='ocrx_word' id='word_1_256' title='bbox 171 2199 399 2245; x_wconf 88' lang='lat' dir='ltr'><strong>dialectum</strong></span> <span class='ocrx_word' id='word_1_257' title='bbox 430 2203 691 2260; x_wconf 88' lang='lat' dir='ltr'><strong>Campaniae</strong></span> <span class='ocrx_word' id='word_1_258' title='bbox 735 2204 958 2256; x_wconf 85' lang='lat' dir='ltr'><strong>describit,</strong></span> <span class='ocrx_word' id='word_1_259' title='bbox 1002 2217 1112 2259; x_wconf 87' lang='lat' dir='ltr'><strong>quae</strong></span> <span class='ocrx_word' id='word_1_260' title='bbox 1159 2203 1305 2246; x_wconf 87' lang='lat' dir='ltr'><strong>multis</strong></span> <span class='ocrx_word' id='word_1_261' title='bbox 1353 2204 1598 2259; x_wconf 87' lang='lat' dir='ltr'><strong>graecismis</strong></span> <span class='ocrx_word' id='word_1_262' title='bbox 1637 2206 1696 2249; x_wconf 86' lang='lat' dir='ltr'><strong>af-</strong></span> 
     </span>
     <span class='ocr_line' id='line_1_31' title="bbox 166 2270 382 2314; baseline 0.005 -1"><span class='ocrx_word' id='word_1_263' title='bbox 166 2270 280 2313; x_wconf 88' lang='lat' dir='ltr'><strong>fecta</strong></span> <span class='ocrx_word' id='word_1_264' title='bbox 307 2275 382 2314; x_wconf 91' lang='lat' dir='ltr'><strong>est.</strong></span> 
     </span>
    </p>

    <p class='ocr_par' dir='ltr' id='par_1_7' title="bbox 166 2341 1699 2952">
     <span class='ocr_line' id='line_1_32' title="bbox 308 2341 1697 2399; baseline 0.001 -14"><span class='ocrx_word' id='word_1_265' title='bbox 308 2341 388 2385; x_wconf 92' lang='lat' dir='ltr'><strong>His</strong></span> <span class='ocrx_word' id='word_1_266' title='bbox 416 2343 664 2399; x_wconf 87' lang='lat' dir='ltr'><strong>praemissis</strong></span> <span class='ocrx_word' id='word_1_267' title='bbox 699 2357 812 2386; x_wconf 90' lang='lat' dir='ltr'><strong>nunc</strong></span> <span class='ocrx_word' id='word_1_268' title='bbox 846 2343 1082 2396; x_wconf 89' lang='lat' dir='ltr'><strong>videamus,</strong></span> <span class='ocrx_word' id='word_1_269' title='bbox 1131 2356 1216 2398; x_wconf 91' lang='lat' dir='ltr'><strong>qua</strong></span> <span class='ocrx_word' id='word_1_270' title='bbox 1251 2341 1419 2384; x_wconf 89' lang='lat' dir='ltr'><strong>ratione</strong></span> <span class='ocrx_word' id='word_1_271' title='bbox 1449 2342 1697 2386; x_wconf 88' lang='lat' dir='ltr'><strong>Ammianus</strong></span> 
     </span>
     <span class='ocr_line' id='line_1_33' title="bbox 166 2411 1696 2475; baseline 0.001 -21"><span class='ocrx_word' id='word_1_272' title='bbox 166 2411 379 2467; x_wconf 86' lang='lat' dir='ltr'><strong>particula</strong></span> <span class='ocrx_word' id='word_1_273' title='bbox 410 2411 575 2467; x_wconf 64' lang='lat' dir='ltr'><strong>„quod‘⁴</strong></span> <span class='ocrx_word' id='word_1_274' title='bbox 606 2412 700 2454; x_wconf 93' lang='grc'>1000</span> <span class='ocrx_word' id='word_1_275' title='bbox 727 2426 811 2455; x_wconf 86' lang='grc'>000.</span> <span class='ocrx_word' id='word_1_276' title='bbox 846 2427 879 2455; x_wconf 91' lang='grc'><strong>0.</strong></span> <span class='ocrx_word' id='word_1_277' title='bbox 910 2412 983 2455; x_wconf 86' lang='lat' dir='ltr'><strong>inf.</strong></span> <span class='ocrx_word' id='word_1_278' title='bbox 1010 2416 1169 2475; x_wconf 75' lang='lat' dir='ltr'><strong>utatur.</strong></span> <span class='ocrx_word' id='word_1_279' title='bbox 1228 2411 1334 2454; x_wconf 83' lang='lat' dir='ltr'><strong>Cum</strong></span> <span class='ocrx_word' id='word_1_280' title='bbox 1374 2412 1541 2466; x_wconf 76' lang='lat' dir='ltr'><strong>„quod‘⁶</strong></span> <span class='ocrx_word' id='word_1_281' title='bbox 1581 2413 1696 2468; x_wconf 90' lang='lat' dir='ltr'><strong>apud</strong></span> 
     </span>
     <span class='ocr_line' id='line_1_34' title="bbox 167 2479 1698 2538; baseline -0.001 -11"><span class='ocrx_word' id='word_1_282' title='bbox 167 2483 325 2527; x_wconf 90' lang='lat' dir='ltr'><strong>latinos</strong></span> <span class='ocrx_word' id='word_1_283' title='bbox 347 2483 578 2538; x_wconf 71' lang='lat' dir='ltr'><strong>scriptores</strong></span> <span class='ocrx_word' id='word_1_284' title='bbox 610 2481 780 2537; x_wconf 90' lang='lat' dir='ltr'><strong>quidem</strong></span> <span class='ocrx_word' id='word_1_285' title='bbox 810 2481 1005 2525; x_wconf 88' lang='lat' dir='ltr'><strong>adhiberi</strong></span> <span class='ocrx_word' id='word_1_286' title='bbox 1017 2481 1166 2536; x_wconf 82' lang='lat' dir='ltr'><strong>possit,</strong></span> <span class='ocrx_word' id='word_1_287' title='bbox 1198 2479 1275 2523; x_wconf 91' lang='lat' dir='ltr'><strong>sed</strong></span> <span class='ocrx_word' id='word_1_288' title='bbox 1303 2493 1388 2523; x_wconf 91' lang='lat' dir='ltr'><strong>non</strong></span> <span class='ocrx_word' id='word_1_289' title='bbox 1417 2479 1500 2523; x_wconf 90' lang='lat' dir='ltr'><strong>nisi</strong></span> <span class='ocrx_word' id='word_1_290' title='bbox 1528 2484 1698 2525; x_wconf 88' lang='lat' dir='ltr'><strong>servata</strong></span> 
     </span>
     <span class='ocr_line' id='line_1_35' title="bbox 169 2548 1696 2606; baseline -0.001 -11"><span class='ocrx_word' id='word_1_291' title='bbox 169 2556 326 2595; x_wconf 85' lang='lat' dir='ltr'><strong>natura</strong></span> <span class='ocrx_word' id='word_1_292' title='bbox 356 2552 529 2606; x_wconf 86' lang='lat' dir='ltr'><strong>linguae</strong></span> <span class='ocrx_word' id='word_1_293' title='bbox 558 2552 742 2600; x_wconf 88' lang='lat' dir='ltr'><strong>latinae,</strong></span> <span class='ocrx_word' id='word_1_294' title='bbox 785 2564 894 2604; x_wconf 92' lang='lat' dir='ltr'><strong>quae</strong></span> <span class='ocrx_word' id='word_1_295' title='bbox 920 2550 1230 2593; x_wconf 87' lang='lat' dir='ltr'><strong>coniunctivum</strong></span> <span class='ocrx_word' id='word_1_296' title='bbox 1261 2548 1474 2604; x_wconf 86' lang='lat' dir='ltr'><strong>postulat,</strong></span> <span class='ocrx_word' id='word_1_297' title='bbox 1512 2549 1696 2593; x_wconf 89' lang='lat' dir='ltr'><strong>Ammia-</strong></span> 
     </span>
     <span class='ocr_line' id='line_1_36' title="bbox 169 2615 1695 2672; baseline -0.001 -11"><span class='ocrx_word' id='word_1_298' title='bbox 169 2633 272 2670; x_wconf 89' lang='lat' dir='ltr'><strong>nus,</strong></span> <span class='ocrx_word' id='word_1_299' title='bbox 323 2622 372 2661; x_wconf 93' lang='lat' dir='ltr'><strong>ut</strong></span> <span class='ocrx_word' id='word_1_300' title='bbox 401 2617 589 2661; x_wconf 89' lang='lat' dir='ltr'><strong>Graecus</strong></span> <span class='ocrx_word' id='word_1_301' title='bbox 637 2617 762 2660; x_wconf 90' lang='lat' dir='ltr'><strong>homo</strong></span> <span class='ocrx_word' id='word_1_302' title='bbox 809 2615 1023 2672; x_wconf 87' lang='lat' dir='ltr'><strong>particula</strong></span> <span class='ocrx_word' id='word_1_303' title='bbox 1066 2616 1217 2658; x_wconf 89' lang='lat' dir='ltr'><strong>eodum</strong></span> <span class='ocrx_word' id='word_1_304' title='bbox 1252 2615 1378 2658; x_wconf 90' lang='lat' dir='ltr'><strong>modo</strong></span> <span class='ocrx_word' id='word_1_305' title='bbox 1412 2616 1566 2666; x_wconf 88' lang='lat' dir='ltr'><strong>utitur,</strong></span> <span class='ocrx_word' id='word_1_306' title='bbox 1612 2630 1695 2671; x_wconf 93' lang='lat' dir='ltr'><strong>quo</strong></span> 
     </span>
     <span class='ocr_line' id='line_1_37' title="bbox 170 2680 1695 2743; baseline -0.002 -13"><span class='ocrx_word' id='word_1_307' title='bbox 170 2687 323 2731; x_wconf 87' lang='lat' dir='ltr'><strong>Graeci</strong></span> <span class='ocrx_word' id='word_1_308' title='bbox 354 2680 488 2743; x_wconf 64' lang='lat' dir='ltr'><strong>„fin-⁶.</strong></span> <span class='ocrx_word' id='word_1_309' title='bbox 549 2687 659 2730; x_wconf 88' lang='lat' dir='ltr'><strong>Nam</strong></span> <span class='ocrx_word' id='word_1_310' title='bbox 687 2687 804 2742; x_wconf 90' lang='lat' dir='ltr'><strong>apud</strong></span> <span class='ocrx_word' id='word_1_311' title='bbox 836 2685 1106 2728; x_wconf 89' lang='lat' dir='ltr'><strong>Ammianum</strong></span> <span class='ocrx_word' id='word_1_312' title='bbox 1135 2684 1391 2727; x_wconf 90' lang='lat' dir='ltr'><strong>indicativus</strong></span> <span class='ocrx_word' id='word_1_313' title='bbox 1423 2689 1466 2727; x_wconf 92' lang='lat' dir='ltr'><strong>et</strong></span> <span class='ocrx_word' id='word_1_314' title='bbox 1502 2685 1695 2728; x_wconf 89' lang='lat' dir='ltr'><strong>coniunc-</strong></span> 
     </span>
     <span class='ocr_line' id='line_1_38' title="bbox 167 2753 1696 2809; baseline -0.003 -9"><span class='ocrx_word' id='word_1_315' title='bbox 167 2757 280 2800; x_wconf 89' lang='lat' dir='ltr'><strong>tivus</strong></span> <span class='ocrx_word' id='word_1_316' title='bbox 312 2760 493 2800; x_wconf 85' lang='lat' dir='ltr'><strong>exstant.</strong></span> <span class='ocrx_word' id='word_1_317' title='bbox 549 2756 660 2808; x_wconf 85' lang='lat' dir='ltr'><strong>Quin</strong></span> <span class='ocrx_word' id='word_1_318' title='bbox 692 2757 728 2799; x_wconf 91' lang='lat' dir='ltr'><strong>si</strong></span> <span class='ocrx_word' id='word_1_319' title='bbox 763 2770 853 2800; x_wconf 90' lang='lat' dir='ltr'><strong>rem</strong></span> <span class='ocrx_word' id='word_1_320' title='bbox 883 2754 1127 2799; x_wconf 89' lang='lat' dir='ltr'><strong>accuratius</strong></span> <span class='ocrx_word' id='word_1_321' title='bbox 1165 2753 1458 2809; x_wconf 78' lang='lat' dir='ltr'><strong>investigaris,</strong></span> <span class='ocrx_word' id='word_1_322' title='bbox 1502 2768 1604 2796; x_wconf 92' lang='lat' dir='ltr'><strong>usus</strong></span> <span class='ocrx_word' id='word_1_323' title='bbox 1635 2753 1696 2797; x_wconf 89' lang='lat' dir='ltr'><strong>di-</strong></span> 
     </span>
     <span class='ocr_line' id='line_1_39' title="bbox 170 2821 1699 2880; baseline -0.003 -10"><span class='ocrx_word' id='word_1_324' title='bbox 170 2825 294 2870; x_wconf 90' lang='lat' dir='ltr'><strong>cendi</strong></span> <span class='ocrx_word' id='word_1_325' title='bbox 323 2825 537 2868; x_wconf 89' lang='lat' dir='ltr'><strong>Ammiani</strong></span> <span class='ocrx_word' id='word_1_326' title='bbox 564 2825 647 2869; x_wconf 90' lang='lat' dir='ltr'><strong>hac</strong></span> <span class='ocrx_word' id='word_1_327' title='bbox 675 2826 721 2868; x_wconf 93' lang='lat' dir='ltr'><strong>in</strong></span> <span class='ocrx_word' id='word_1_328' title='bbox 747 2839 795 2869; x_wconf 92' lang='lat' dir='ltr'><strong>re</strong></span> <span class='ocrx_word' id='word_1_329' title='bbox 830 2825 962 2867; x_wconf 90' lang='lat' dir='ltr'><strong>multo</strong></span> <span class='ocrx_word' id='word_1_330' title='bbox 994 2823 1194 2880; x_wconf 89' lang='lat' dir='ltr'><strong>proprius</strong></span> <span class='ocrx_word' id='word_1_331' title='bbox 1229 2821 1286 2864; x_wconf 90' lang='lat' dir='ltr'><strong>ad</strong></span> <span class='ocrx_word' id='word_1_332' title='bbox 1325 2835 1485 2864; x_wconf 90' lang='lat' dir='ltr'><strong>morem</strong></span> <span class='ocrx_word' id='word_1_333' title='bbox 1517 2822 1699 2865; x_wconf 89' lang='lat' dir='ltr'><strong>Graeco·</strong></span> 
     </span>
     <span class='ocr_line' id='line_1_40' title="bbox 171 2884 1699 2952; baseline -0.003 -12"><span class='ocrx_word' id='word_1_334' title='bbox 171 2910 264 2941; x_wconf 89' lang='lat' dir='ltr'><strong>rum</strong></span> <span class='ocrx_word' id='word_1_335' title='bbox 296 2894 475 2940; x_wconf 84' lang='lat' dir='ltr'><strong>accedit.</strong></span> <span class='ocrx_word' id='word_1_336' title='bbox 531 2894 592 2938; x_wconf 93' lang='lat' dir='ltr'><strong>Ut</strong></span> <span class='ocrx_word' id='word_1_337' title='bbox 623 2895 733 2938; x_wconf 89' lang='lat' dir='ltr'><strong>enim</strong></span> <span class='ocrx_word' id='word_1_338' title='bbox 762 2895 915 2939; x_wconf 87' lang='lat' dir='ltr'><strong>Graeci</strong></span> <span class='ocrx_word' id='word_1_339' title='bbox 945 2892 1180 2952; x_wconf 87' lang='lat' dir='ltr'><strong>particulas</strong></span> <span class='ocrx_word' id='word_1_340' title='bbox 1212 2884 1334 2945; x_wconf 78' lang='grc' dir='ltr'><em>,,ὅτι“</em></span> <span class='ocrx_word' id='word_1_341' title='bbox 1368 2893 1411 2933; x_wconf 88' lang='lat' dir='ltr'><strong>et</strong></span> <span class='ocrx_word' id='word_1_342' title='bbox 1437 2885 1551 2943; x_wconf 58' lang='lat'><strong>„0592‘</strong></span> <span class='ocrx_word' id='word_1_343' title='bbox 1578 2905 1699 2948; x_wconf 90' lang='lat' dir='ltr'><strong>prae·</strong></span> 
     </span>
    </p>
   </div>
  </div>
 </body>
</html>
