1901 3153
910 153 963 192 10

167 263 211 302 et
234 272 322 303 acc.
342 274 376 303 c.
401 260 476 304 inf.
506 274 533 305 a
561 262 664 306 viris
695 262 832 306 doctis
861 263 1023 307 factum
1050 265 1196 309 multis
1224 266 1330 310 locis
1357 267 1555 311 subtilius
1585 267 1691 311 mihi

165 328 379 382 videatur,
427 334 573 375 tamen
607 332 756 389 negari
785 345 870 375 non
899 337 1067 389 potest,
1107 334 1189 379 hoc
1221 335 1449 381 discrimen
1476 335 1691 380 Ciceronis

165 401 309 443 aetate
338 403 383 443 et
409 400 496 444 iam
521 402 641 457 prius
671 402 899 447 exstitisse.
959 403 1045 447 Sed
1089 409 1245 449 natura
1279 406 1405 449 huius
1437 406 1691 450 discriminis

164 468 300 524 ipsius
332 469 615 522 demonstrat,
645 470 691 513 id
720 484 748 514 a
775 472 986 528 principio
1009 472 1056 515 in
1080 473 1228 530 lingua
1242 488 1326 517 non
1340 475 1567 526 exstitisse,
1596 485 1691 518 cum

163 538 437 583 artificiosius
468 542 526 583 sit
547 554 677 595 quam
707 544 756 583 ut
785 541 989 596 antiquae
1021 542 1204 599 simplici
1232 543 1404 600 linguae
1432 544 1692 600 respondere

163 608 311 664 possit.
366 608 520 665 Itaque
546 609 651 653 mihi
681 623 935 666 persuasum
965 614 1054 660 est,
1099 626 1222 656 usum
1259 614 1496 670 particulae
1526 613 1690 669 „quod“

162 678 257 721 loco
280 679 386 721 meri
416 679 572 721 obiecti
612 693 691 733 pro
717 694 803 722 acc.
833 694 867 722 c.
899 680 974 722 inf.
1007 694 1095 723 non
1126 685 1216 724 tam
1247 696 1274 725 a
1299 687 1455 726 natura
1486 683 1691 726 sermonis

162 746 287 790 latini
322 747 507 791 alienum
545 761 660 805 esse,
711 762 839 804 quam
869 749 1094 804 paullatim
1128 750 1173 792 in
1207 750 1432 794 scribendo
1457 763 1537 794 usu
1567 765 1690 795 accu-

164 818 291 862 sativi
319 832 354 862 c.
366 818 441 862 inf.
471 822 680 862 remotum
693 818 910 863 Ciceronis
930 822 1073 863 aetate
1088 823 1136 863 ut
1167 820 1302 864 multa
1317 820 1404 863 alia
1433 833 1544 876 quae
1574 819 1690 878 apud

163 887 429 944 antiquiores
460 889 690 945 scriptores
718 889 938 946 leguntur,
972 890 1099 946 plane
1124 890 1304 934 vitatum
1332 904 1447 940 esse,
1484 894 1533 934 ut
1561 890 1690 935 dictio

163 959 337 1016 elegans
366 959 491 1004 fieret
521 962 565 1003 et
592 974 620 1003 a
651 974 845 1004 sermone
871 961 1039 1018 vulgari
1070 975 1198 1016 quam
1226 962 1409 1005 maxime
1438 960 1689 1004 discederet.

163 1029 258 1083 Qua
288 1029 341 1073 de
365 1043 413 1073 re
441 1042 528 1071 non
557 1029 711 1072 mirum
742 1033 828 1085 est,
861 1042 945 1085 quo
975 1030 1114 1073 minus
1135 1031 1319 1087 scriptor
1347 1030 1533 1086 eleganti
1566 1043 1689 1074 accu-

161 1102 368 1154 rataeque
398 1099 576 1142 dictioni
599 1099 793 1150 studeat,
829 1113 879 1142 eo
909 1100 1081 1155 saepius
1107 1100 1223 1155 apud
1255 1114 1351 1143 eum
1384 1099 1565 1155 *„quod“
1608 1100 1689 1143 hoc

161 1168 289 1212 modo
319 1172 572 1225 usurpatum
601 1170 793 1213 inveniri.
850 1170 947 1213 Jam
978 1170 1163 1225 scriptor
1186 1170 1290 1214 belli
1319 1170 1618 1227 Hispaniensis
1652 1184 1687 1216 c.

164 1243 219 1282 36
252 1238 375 1283 dicit:
417 1239 747 1290 „nuntiaverunt
778 1239 892 1294 quod
921 1235 1170 1283 haberent.“
1228 1238 1514 1295 Sequentibus
1545 1253 1689 1283 saecu-

162 1309 215 1353 lis
245 1308 361 1364 apud
386 1308 610 1352 nonnullos
641 1309 873 1364 scriptores
920 1308 991 1352 hic
1015 1323 1118 1352 usus
1148 1308 1316 1352 dicendi
1348 1313 1577 1365 usurpatus
1610 1314 1689 1362 est,

164 1379 240 1423 sed
269 1392 487 1434 nunquam
518 1391 647 1433 saepe
675 1378 789 1428 (vide
806 1378 974 1435 Zumpt.
993 1378 1167 1422 Gramm
1193 1382 1333 1434 §629‚
1365 1380 1516 1424 Madw.
1547 1394 1690 1437 opusc.

162 1449 205 1492 II
231 1464 271 1505 p.
286 1453 396 1497 232).
457 1446 541 1491 Sed
572 1447 609 1490 si
634 1461 778 1490 verum
810 1452 896 1499 est,
934 1448 1048 1503 quod
1077 1462 1208 1504 supra
1240 1448 1446 1506 diximus,
1487 1449 1597 1494 hanc
1628 1450 1689 1493 di-

164 1518 288 1562 cendi
317 1518 527 1561 rationem
555 1532 583 1561 a
609 1521 766 1561 natura
780 1519 954 1575 linguae
968 1519 1131 1562 latinae
1147 1532 1234 1562 non
1260 1519 1444 1562 alienam
1474 1534 1581 1577 esse,
1610 1521 1687 1564 sed

164 1590 302 1633 solum
334 1604 358 1633 e
384 1589 539 1632 litteris
570 1589 792 1645 expulsam
821 1590 936 1632 intra
981 1590 1187 1633 terminos
1234 1590 1439 1633 sermonis
1485 1590 1689 1634 cotidiani

165 1663 208 1703 et
252 1659 441 1715 vulgaris
488 1660 717 1703 coercitam
762 1673 877 1711 esse,
923 1673 1003 1715 per
1049 1673 1094 1703 se
1135 1659 1462 1703 existimandum
1493 1663 1574 1712 est,
1616 1660 1691 1704 illa

164 1732 308 1774 aetate
354 1744 441 1785 qua
480 1733 524 1773 et
566 1729 696 1774 rebus
742 1730 925 1785 publicis
965 1729 1267 1784 societatisque
1311 1729 1445 1773 civilis
1473 1728 1691 1773 Romanae

163 1799 292 1857 plane
319 1799 473 1843 dirutis
501 1803 544 1843 et
572 1799 728 1843 litteris
759 1800 963 1843 Romanis
992 1813 1130 1855 paene
1161 1798 1338 1842 mortuis
1372 1798 1601 1855 scriptores
1620 1812 1689 1842 ex⁴

165 1871 390 1920 stiterunt,
423 1870 496 1924 qui
523 1884 716 1913 sermone
740 1871 785 1912 in
814 1869 1039 1913 scribendo
1070 1873 1199 1913 antea
1228 1870 1390 1913 usitato
1405 1882 1487 1911 non
1514 1869 1690 1912 uteban-

164 1942 253 1995 tur,
284 1953 379 1982 cum
409 1942 485 1982 aut
514 1938 656 1981 studio
686 1939 843 1981 veteris
869 1938 1078 1994 elegantis
1111 1937 1308 1981 dictionis
1342 1936 1576 1980 imitandae
1604 1938 1691 1979 no'n

163 2010 437 2053 traherentur
467 2012 544 2052 aut
573 2023 667 2053 eam
698 2009 858 2052 imitari
886 2022 973 2051 non
1000 2012 1197 2064 possent,
1234 2007 1353 2051 illam
1390 2006 1599 2051 rationem
1630 2006 1690 2051 di—

167 2078 291 2122 cendi
319 2092 490 2121 rursum
520 2078 565 2121 in
590 2078 764 2130 litteris,
803 2077 848 2120 in
877 2077 1014 2120 lucem
1046 2076 1252 2133 prodisse.
1312 2075 1431 2128 Quae
1460 2075 1604 2132 opinio
1627 2089 1691 2119 re-

165 2146 246 2189 bus
272 2145 558 2189 confirmatur.
620 2145 858 2201 Scriptores
891 2144 1108 2187 Historiae
1136 2146 1359 2200 Augustae
1395 2143 1506 2186 enim
1545 2144 1617 2198 qui
1646 2143 1692 2186 in

165 2214 307 2258 verbis
335 2215 506 2257 rusticis
532 2217 575 2257 et
604 2214 650 2256 in
674 2214 979 2269 compositione
1007 2213 1232 2256 verborum
1259 2215 1347 2254 tam
1377 2211 1511 2254 multa
1540 2225 1568 2254 a
1596 2224 1691 2254 con-

166 2283 393 2329 suetudine
424 2284 637 2327 scribendi
667 2284 848 2327 aliorum
864 2283 1143 2327 eruditiorum
1174 2282 1429 2337 scriptorum
1458 2279 1690 2324 abhorren-

164 2356 227 2399 tia
255 2354 484 2411 praebent,
517 2354 645 2397 etiam
673 2354 886 2410 particula
914 2353 1080 2410 „quod“
1111 2366 1320 2410 persaepe
1349 2351 1441 2394 loco
1459 2363 1545 2394 acc.
1564 2366 1595 2395 c.
1613 2348 1688 2393 inf.

164 2428 353 2469 utuntur.
401 2423 501 2467 ‘Sed
530 2423 781 2479 priusquam
825 2424 882 2467 ad
929 2438 1053 2467 usum
1104 2423 1256 2466 horum
1299 2420 1556 2476 scriptorum
1598 2421 1691 2464 illu-

165 2495 387 2538 strandum
418 2492 675 2547 accedimus,
703 2493 907 2534 nonnulla
937 2493 1022 2535 alia
1052 2505 1139 2534 non
1169 2494 1269 2533 sunt
1297 2490 1690 2545 praetermittenda.

303 2562 400 2607 Jam
431 2562 648 2607 Ciceronis
669 2564 815 2606 aetate
844 2561 1026 2605 libenter
1051 2574 1284 2617 pronomen
1314 2559 1692 2603 demonstrativum

165 2631 298 2688 ‚,hoc“
341 2631 497 2681 .,illud“
550 2630 645 2681 „id“
693 2630 909 2672 adiectum
957 2632 1044 2680 est,
1094 2629 1130 2671 si
1168 2628 1300 2672 verba
1330 2628 1552 2682 sequentia
1597 2642 1691 2670 cum

164 2700 334 2759 „quod“
368 2700 593 2743 coniuncta
619 2699 758 2743 locum
791 2697 973 2742 subiecti
1000 2697 1225 2751 tenebant,
1254 2699 1303 2739 ut
1332 2696 1442 2739 ratio
1471 2696 1692 2753 utriusque

163 2769 303 2826 partis
333 2767 643 2811 enunciationis
673 2768 827 2810 melius
860 2766 1190 2822 conspiceretur.
1233 2763 1337 2807 Cum
1352 2768 1493 2807 autem
1519 2778 1692 2808 consue-

163 2839 269 2883 tudo
298 2837 513 2883 scribendi
550 2838 769 2882 remissior
809 2837 933 2881 fieret
970 2839 1015 2880 et
1045 2835 1121 2879 illa
1157 2833 1331 2890 elegans
1371 2833 1501 2878 dictio
1537 2849 1693 2879 aureae

163 2909 321 2953 aetatis
346 2921 431 2952 non
461 2908 775 2962 observaretur,
815 2906 896 2951 hoc
935 2918 1169 2964 pronomen
1198 2917 1276 2960 per
1304 2917 1349 2946 se
1387 2917 1694 2959 supervacuum
