1901 3153
931 149 959 189 4

175 255 320 304 πόνον
334 260 406 304 καὶ
419 263 594 304 κεῖσθαι
610 260 763 317 ψῆφον
785 255 898 316 αὐτῇ
917 261 1012 304 τῶν
1026 260 1162 318 ,tt-{voa
1175 277 1224 306 κε
1238 261 1513 320 κρατηκέναι,
1541 262 1636 305 τῶν
1659 260 1707 305 δὲ

178 327 232 375 ου’
233 348 260 388 χ
286 325 502 388 ἡττῆσθαι
518 333 597 373 etc.
637 329 855 373 Historiae
883 330 1098 375 Ammiani
1126 332 1259 388 igitur
1288 332 1346 376 ad
1376 331 1703 376 ostentationem

178 403 366 456 scriptae
398 403 520 442 sunt:
580 413 665 454 qua
708 399 761 443 de
801 413 932 443 causa
969 400 1042 443 ille
1073 401 1188 444 color
1218 402 1355 457 magis
1384 400 1546 444 rhetori
1577 413 1705 455 quam

176 469 381 514 historico
411 467 609 524 scriptori
635 481 886 524 congruens,
916 468 1200 525 intellegitur:
1241 484 1327 526 qua
1365 470 1418 515 de
1462 484 1589 515 causa
1613 470 1706 514 loco

179 538 434 594 simplicium
465 536 688 579 verborum
726 537 884 580 multas
916 536 1175 593 hyperbolas
1213 553 1265 582 ex
1306 552 1499 583 sermone
1538 539 1705 595 poetico

179 611 372 664 sumptas
402 607 591 652 adhibet.
644 607 737 652 Hoc
775 608 903 653 modo
936 609 1068 666 igitur
1095 610 1383 667 compluribus
1425 611 1565 655 causis
1601 610 1709 655 haee

176 677 463 720 tumidissima
487 677 618 720 dictio
646 682 743 721 orta
774 683 851 721 est.
923 677 1062 722 Huius
1102 681 1227 723 unius
1259 681 1322 723 rei
1349 680 1474 723 modo
1497 681 1707 723 rationem

176 744 332 796 habui,
376 744 491 799 quod
535 759 683 789 omnes
720 746 849 798 aliae,
896 750 944 790 ut
981 748 1242 800 verbositas,
1288 749 1325 792 si
1351 749 1470 792 illam
1502 763 1706 806 opponas,

176 818 300 871 parvi
330 816 532 858 momenti
556 820 674 864 sunt,
705 832 963 872 causasque,
992 819 1146 873 quibus
1170 820 1254 862 tale
1281 820 1450 862 dicendi
1480 833 1614 874 genus
1638 833 1706 862 or-

177 888 268 928 tum
295 888 381 936 est,
414 883 627 939 explicare
657 889 835 929 conatus
866 900 970 938 sum,
1004 886 1118 942 quod
1145 900 1293 931 revera
1309 886 1425 943 apud
1439 886 1702 941 scriptorem,

179 955 252 1009 qui
278 953 472 997 historici
494 954 741 997 muneribus
772 954 901 1009 plane
930 955 1143 1011 fungitur,
1186 956 1392 1011 explicari
1422 969 1596 999 necesse
1627 959 1705 1012 est,

178 1022 389 1080 quomodo
418 1022 652 1079 perductus
684 1023 761 1076 sit,
800 1027 849 1067 ut
890 1038 1020 1081 saepe
1058 1039 1128 1069 res
1156 1025 1394 1069 cotidianas
1436 1030 1479 1069 et
1508 1025 1706 1083 vulgares

177 1093 409 1149 phrasibus
435 1092 681 1148 Aeschyleis
712 1098 920 1138 narraret.
983 1094 1187 1138 Venimus
1222 1109 1334 1138 nunc
1364 1095 1421 1138 ad
1458 1109 1527 1138 res
1569 1109 1707 1151 gram-

177 1164 371 1207 maticas.

832 1313 960 1361 Pars
993 1313 1063 1361 II.

565 1404 623 1445 De
656 1406 776 1445 rebus
808 1409 1077 1456 yrammaticis
1110 1405 1326 1446 Ammiani.

309 1505 406 1548 Non
432 1504 569 1548 solum
597 1505 709 1556 stilo,
748 1504 824 1549 sed
855 1505 984 1549 etiam
1007 1506 1395 1549 constructionibus
1421 1505 1710 1562 grammaticis

180 1575 494 1630 verborumque
539 1588 620 1618 usu
664 1575 858 1630 singulae
898 1575 1054 1617 aetatis
1095 1575 1267 1630 linguae
1301 1575 1462 1617 latinae
1508 1575 1622 1617 inter
1665 1588 1711 1617 se

181 1644 438 1699 discrepant.
505 1645 659 1686 Aetate
690 1657 799 1698 quae
834 1647 1039 1699 argentea
1068 1644 1330 1699 nominatur,
1367 1643 1549 1698 primum
1572 1642 1712 1699 poetis

180 1718 224 1758 et
263 1715 438 1758 Graecis
474 1713 696 1757 imitandis
735 1714 911 1757 liberior
945 1712 1205 1756 consuetudo
1236 1712 1452 1756 scribendi
1493 1715 1588 1756 orta
1633 1714 1711 1768 est,

181 1798 267 1839 qua
295 1798 343 1827 re
369 1787 572 1827 accurata
593 1783 766 1837 quidem
796 1783 905 1825 ratio
937 1782 1108 1825 dicendi
1132 1781 1348 1825 Ciceronis
1380 1785 1522 1824 aetate
1550 1781 1713 1824 usitata

182 1852 512 1908 neglegebatur,
551 1851 628 1894 sed
656 1855 801 1894 tamen
827 1851 1055 1894 oblectatio
1088 1850 1299 1904 quaedam
1325 1850 1568 1905 praebetur.
1627 1849 1713 1892 Sed

183 1936 276 1966 eum
312 1922 398 1965 iam
430 1920 647 1965 Ciceronis
676 1924 819 1964 aetate
845 1934 984 1963 sermo
1014 1921 1060 1962 in
1087 1920 1242 1963 litteris
1272 1920 1456 1963 usitatus
1488 1929 1582 1963 cum
1614 1934 1712 1964 con-

185 1992 412 2034 suetudine
443 1991 615 2034 dicendi
655 1991 806 2047 populi
850 2004 936 2033 non
966 1993 1236 2045 congrueret,
1286 1990 1424 2045 primo
1456 1989 1625 2032 saeculo
1668 2004 1710 2045 p.

183 2060 281 2105 Chr.
314 2075 355 2105 n.
387 2061 473 2104 ''ille
505 2074 644 2105 sermo
674 2059 808 2103 multo
839 2059 976 2116 magis
1020 2073 1048 2103 a
1086 2072 1279 2102 sermone
1310 2058 1524 2102 cotidiano
1554 2058 1711 2103 discre-

180 2130 328 2185 pabat.
396 2131 548 2185 Itaque
579 2133 912 2173 consentaneum
943 2132 1028 2181 est,
1073 2129 1149 2172 ubi
1196 2129 1378 2172 eruditio
1409 2129 1712 2185 doctrinaeque

182 2197 445 2248 evanuerint,
468 2198 593 2240 simul
620 2198 720 2240 talis
742 2198 916 2254 linguae
936 2196 1227 2240 efferationem
1242 2197 1445 2240 maiorem
1469 2211 1563 2241 esse
1584 2211 1713 2253 quam

181 2268 355 2324 linguae
388 2281 483 2310 cum
515 2268 822 2310 consuetudine
851 2267 1000 2323 populi
1030 2267 1246 2311 artissime
1275 2266 1555 2311 cohaerentis.
1620 2266 1713 2312 Hoc

184 2335 497 2391 posterioribus
529 2335 794 2390 temporibus
826 2337 978 2378 evenit.
1050 2334 1158 2377 Tum
1199 2335 1311 2378 enim
1342 2334 1490 2389 lingua
1520 2347 1630 2388 quae
1668 2334 1714 2377 in

180 2404 337 2447 litteris
369 2403 566 2446 universe
588 2402 878 2460 adhiberetur,
911 2417 997 2447 non
1028 2406 1136 2455 erat,
1176 2403 1253 2446 sed
1283 2402 1439 2459 singuli
1468 2402 1553 2446 alio
1581 2402 1713 2446 alium

182 2476 369 2517 veterem
397 2472 650 2528 scriptorem
676 2471 872 2515 imitante
899 2471 1123 2527 propriam
1154 2470 1325 2515 dicendi
1355 2461 1564 2514 rationem
1592 2470 1713 2514 adhi-

181 2541 356 2585 bebant.
416 2541 510 2593 Qua
557 2541 611 2584 de
654 2554 702 2583 re
746 2541 906 2583 factum
951 2545 1034 2597 est,
1078 2544 1127 2584 ut
1166 2540 1379 2596 nonnulli,
1425 2543 1474 2583 ut
1509 2540 1712 2584 Claudius

183 2610 457 2662 Claudianus,
489 2610 771 2654 elocutionem
801 2609 1058 2666 praebeant,
1092 2623 1201 2664 quae
1231 2623 1258 2653 a
1278 2608 1584 2652 consuetudine
1613 2609 1712 2653 scri—

180 2679 313 2723 bendi
342 2692 499 2722 aureae
536 2681 692 2723 aetatis
744 2692 830 2723 non
867 2679 1047 2722 multum
1078 2678 1229 2730 distat,
1270 2679 1346 2721 alii
1389 2682 1438 2721 ut
1463 2678 1713 2722 Ammianus

180 2748 275 2802 ipse
315 2750 405 2790 tam
447 2749 703 2803 permixtam
733 2749 1117 2804 perturbatamque
1154 2748 1434 2792 elocutionem
1469 2748 1713 2793 adhibeant.

181 2815 284 2863 Mox
331 2816 466 2873 igitur
510 2819 670 2870 evenit,
729 2822 779 2862 ut
823 2818 1015 2862 nonnulli
1076 2821 1265 2862 veterum
1328 2818 1596 2862 auctoritatis
1645 2833 1712 2863 ra·

181 2886 300 2929 tione
343 2900 429 2930 non
459 2887 619 2933 habita
660 2901 894 2933 sermonem
936 2888 1199 2932 cotidianum
1246 2890 1290 2931 et
1330 2887 1565 2944 vulgarem,
1610 2887 1713 2943 quin
