1901 3153
914 154 967 193 36

235 265 421 310 evenit.
451 269 576 308 XXII
599 270 636 313 9
654 268 706 308 15
737 242 937 309 evenerat
955 264 1124 308 Adonia
1140 265 1366 309 celebrari·
1399 265 1529 317 ,‚:Ut“
1561 269 1643 308 XV
1661 269 1701 323 5,

178 337 234 376 34
273 336 358 374 XX
382 337 450 382 11,
473 336 527 374 32
558 336 727 384 XXII4,
747 337 771 374 9
812 335 966 373 XXIII
990 336 1029 383 4,
1052 336 1090 375 3.

235 410 335 463 „‘fit‘
367 414 440 461 et,
445 409 614 458 ,factum
646 410 735 453 est“
766 409 924 465 ubique
946 410 1242 467 particulam,
1245 414 1331 466 ,ut“
1364 410 1447 454 sibi
1468 410 1698 454 asciscunt.

236 482 512 535 superest.
553 478 689 521 solum
735 483 834 536 „ut“
872 480 1054 536 legitur.
1097 484 1202 522 XXI
1228 484 1371 532 13,14
1412 482 1560 520 XXIII
1590 481 1627 529 5,
1648 482 1700 520 21

234 551 442 591 restat:
485 552 630 591 XVIII
650 552 689 604 2,
714 552 738 591 5
780 549 975 592 restabat
1021 549 1188 592 urbium
1225 549 1393 591 moenia
1424 548 1619 604 reparari
1649 573 1704 579 —-

177 618 309 675 „Htw
341 620 445 658 xw
473 621 540 667 11,
564 621 588 659 6
623 609 703 658 'xv
726 621 764 668 s,
784 622 807 660 7
839 621 988 660 xxm
1008 623 1046 668 6,
1070 621 1123 660 85
1155 621 1303 658 xxm
1328 622 1367 673 7,
1390 622 1426 659 s.

235 699 395 742 licet:
437 698 623 740 Maxime
656 711 842 753 persona
883 712 968 740 non
1008 697 1178 740 adiecta
1221 701 1308 740 est:
1352 701 1450 740 XIV
1473 702 1511 752 6,
1529 701 1584 738 20
1621 699 1703 737 XV

179 773 216 818 1,
241 773 262 809 1
297 771 398 809 XVI
424 770 491 821 12,
511 770 564 809 57
595 770 722 808 XVII
747 770 784 819 5,
804 771 827 808 7
860 770 935 809 XX
959 771 996 819 8,
1025 771 1077 809 18
1106 771 1233 808 XXV
1251 771 1289 814 5,
1308 771 1332 809 3
1372 769 1562 807 XXVIII
1590 770 1629 815 4,
1649 769 1701 806 21

178 841 231 878 29
262 839 408 877 XXIX
430 839 466 886 1,
491 840 515 877 6
557 838 689 878 XXXI
711 839 776 885 13,
793 839 831 877 4.
864 835 960 878 Acc.
992 849 1027 877 c.
1055 834 1128 878 inf.
1155 850 1196 890 p.
1229 839 1310 875 XV
1331 840 1370 890 9,
1397 840 1417 876 1
1448 847 1556 888 quae
1583 831 1703 874 licuit

175 903 335 960 parari.
373 906 479 945 XXI
501 907 567 952 13,
594 907 660 946 10.
693 903 788 945 Acc.
818 916 853 945 c.
885 902 960 944 inf.
997 903 1126 945 activi
1157 907 1283 943 XXII
1308 908 1375 948 14,
1402 908 1425 944 7
1470 915 1549 944 nec
1589 901 1703 943 ultra

175 972 348 1016 trahere
393 986 488 1015 eum
529 971 631 1014 licet
670 975 869 1015 aetatem.
902 999 958 1003 —
993 972 1175 1015 Dativus
1220 988 1254 1016 c.
1295 973 1370 1017 inf.
1412 976 1564 1015 XXIII
1591 976 1629 1023 6,
1647 975 1702 1014 80

175 1057 254 1085 nec
281 1041 440 1084 famulo
468 1040 634 1083 hiscere
662 1041 726 1083 vel
757 1040 876 1096 loqui
905 1042 1005 1085 licet
1041 1046 1188 1084 XXIX
1209 1048 1244 1091 1,
1263 1047 1300 1087 6.

234 1114 339 1155 est:
369 1112 499 1151 XXX
514 1113 554 1160 4,
577 1114 601 1152 8
632 1109 690 1152 At
714 1124 827 1154 nunc
855 1110 999 1154 videre
1029 1113 1106 1153 est.
1150 1114 1309 1159 XXXI,
1326 1115 1365 1161 8,
1384 1115 1422 1153 7.

233 1182 406 1222 vacat:
438 1181 584 1219 XXIX
612 1183 649 1227 2,
675 1182 699 1219 3
740 1192 794 1220 ne
839 1179 906 1221 vel
941 1180 1193 1234 coniugibus
1232 1179 1483 1220 maritorum
1525 1180 1699 1221 vacaret

175 1246 370 1289 miserias
398 1244 512 1296 flere,
542 1245 882 1289 inmittebantur.

235 1315 422 1357 datur:
468 1314 652 1356 Maxime
688 1316 881 1369 „opinari
910 1316 1141 1358 dabatur“:
1183 1320 1281 1358 XIX
1299 1320 1406 1364 2,13
1453 1319 1599 1356 XXIV
1619 1318 1699 1366 8,5

177 1387 326 1427 XXVI
348 1388 383 1434 1,
402 1387 446 1431 7;
479 1386 545 1434 10,
564 1387 615 1425 16
648 1386 834 1428 XXVIII
851 1389 889 1435 6,
908 1388 961 1426 24
992 1384 1144 1427 XXXI
1162 1388 1228 1435 13,
1249 1388 1320 1436 123
1348 1383 1539 1439 intellegi
1570 1383 1684 1427 daba

176 1457 269 1497 tur:
311 1453 420 1495 XXI
445 1456 513 1508 14,
537 1456 561 1495 5
593 1454 723 1496 XXII
741 1459 780 1511 9,
804 1459 854 1496 11
889 1455 1079 1498 XXVIII
1106 1459 1142 1507 2,
1166 1460 1191 1497 8
1233 1456 1467 1498 existimari
1496 1454 1702 1498 dabatur:

176 1523 282 1566 XVI
309 1527 371 1571 10,
396 1527 472 1573 11;
505 1522 725 1565 aestimari
755 1523 941 1566 dabatur
971 1528 1098 1564 XXX
1116 1529 1238 1574 5,18.

232 1601 494 1646 convenit:
527 1601 751 1657 Significat
773 1606 850 1646 aut
877 1617 1076 1651 „necesse
1105 1607 1195 1646 est“
1227 1607 1303 1646 aut
1326 1604 1511 1655 „deeet.‘'·
1546 1609 1700 1648 Aecus.

173 1686 208 1716 c.
239 1670 313 1714 ins.
343 1686 371 1726 p
409 1675 485 1713 aut
511 1670 583 1713 inf.
615 1672 795 1726 simplex
825 1686 1008 1727 persona
1038 1679 1154 1716 certa
1184 1674 1342 1716 omissa
1372 1677 1567 1717 exstant:
1598 1679 1700 1716 XIV

176 1747 214 1791 6,
231 1745 267 1789 7,
286 1744 358 1792 14;
391 1745 428 1789 7,
448 1744 501 1781 12
531 1744 627 1781 XVI
649 1745 714 1789 12,
736 1742 789 1782 10
822 1745 945 1781 XVII
962 1745 1001 1796 5,
1017 1746 1040 1783 5
1074 1747 1218 1785 XVIII
1239 1747 1278 1798 8,
1297 1747 1320 1784 2
1353 1747 1434 1783 XX
1458 1747 1494 1793 8,
1514 1747 1565 1785 16
1597 1747 1701 1785 XXI

172 1813 275 1859 4.4;
308 1809 403 1860 6,1;
437 1813 543 1858 16,1
576 1812 836 1858 XX1114,7;
871 1813 978 1858 15‚3
1011 1815 1063 1851 28
1098 1815 1245 1852 XXIII
1261 1816 1360 1864 2‚1;
1393 1816 1430 1859 6,
1448 1814 1501 1851 32
1534 1814 1700 1850 XXVII

174 1883 214 1924 4,
237 1883 258 1919 1
291 1880 479 1919 XXVIII
501 1882 539 1925 6,
557 1881 611 1918 24
649 1881 789 1919 XXIX
817 1881 855 1926 2,
883 1882 934 1919 12
971 1882 1103 1920 XXXI
1124 1883 1190 1925 14,
1206 1879 1245 1920 8.
1272 1905 1326 1909 —
1358 1878 1536 1921 Dativus
1564 1892 1597 1920 e.
1626 1876 1699 1921 inf.

173 1950 331 1989 exstat:
360 1951 492 1990 XXIX
510 1951 549 2002 2,
569 1951 621 1988 12
654 1950 769 1989 recte
798 1943 1007 1989 institutis
1034 1961 1088 1989 ne
1115 1962 1209 1989 cum
1237 1948 1498 1990 inimicorum
1528 1947 1699 2002 quidem

174 2017 453 2060 incommodis
484 2018 529 2060 in
561 2017 719 2060 delicta
753 2031 878 2059 ruere
910 2018 1118 2059 convenit.

230 2100 367 2140 XXVI
385 2101 421 2147 1,
446 2102 467 2139 1
511 2100 795 2151 ,convenerat
837 2098 923 2139 iam
957 2095 1118 2140 referre
1166 2110 1193 2138 a
1232 2096 1467 2139 notioribus
1508 2095 1698 2151 pedem.‘'·

174 2166 267 2208 Hoc
299 2166 391 2207 loco
422 2166 637 2220 significat
663 2166 793 2214 ,mihi
818 2167 1062 2220 proposui.“

230 2245 412 2288 decet:
451 2246 548 2288 Ace.
578 2260 610 2288 c.
639 2245 718 2288 Inf.
745 2245 896 2288 activi:
928 2249 1020 2287 XVI
1046 2248 1177 2298 5,12;
1209 2247 1325 2285 XVII
1347 2246 1383 2290 5,
1402 2247 1428 2284 4
1456 2247 1590 2286 XVIII
1608 2246 1647 2298 5,
1674 2248 1697 2284 7

169 2318 270 2359 XXI
292 2318 331 2364 5,
354 2319 392 2356 2.
426 2340 479 2345 -—
508 2315 605 2358 Acc.
641 2329 675 2357 c.
703 2315 776 2357 inf.
805 2330 843 2370 p.
875 2319 976 2357 XIV
1002 2320 1040 2370 7,
1069 2319 1130 2365 10,
1158 2318 1210 2355 12
1254 2318 1390 2356 XXIII
1418 2317 1456 2361 2,
1482 2318 1502 2353 1
1541 2325 1698 2366 nequa-

169 2399 299 2440 quam
330 2384 481 2427 decere
518 2396 608 2425 rem
639 2383 846 2426 vindicari
874 2384 1109 2427 Romanam
1141 2382 1394 2426 adventiciis
1424 2381 1694 2431 adiumentis,

171 2481 224 2485 —
255 2454 446 2497 Persona
481 2456 599 2496 certa
631 2453 788 2495 omissa
815 2458 902 2496 est:
942 2458 1037 2497 XIX
1056 2458 1108 2495 12
1141 2457 1193 2495 18
1226 2456 1356 2503 XX8,
1377 2456 1430 2495 18
1461 2455 1598 2494 XXVI
1618 2456 1652 2500 1,
1671 2455 1692 2492 1

167 2527 323 2567 XXVII
344 2527 380 2572 2,
408 2527 472 2565 11.

226 2591 507 2647 congruit:
539 2596 613 2634 XX
629 2595 667 2640 4,
694 2595 747 2633 18
777 2603 861 2633 non
881 2603 1115 2645 congruere
1143 2591 1284 2647 aptari
1300 2590 1497 2635 muliebri
1526 2589 1695 2633 mundo.

222 2673 497 2724 praestat:
523 2669 569 2712 id
598 2673 665 2712 est
695 2669 846 2711 melius
880 2671 968 2711 est:
1000 2673 1136 2712 XXVI
1159 2675 1224 2721 10,
1243 2674 1295 2712 13
1334 2671 1488 2725 quibus
1516 2670 1552 2713 si
1578 2673 1696 2725 pate-

171 2741 291 2781 retur
320 2742 477 2781 natura
515 2738 582 2781 vel
612 2738 746 2781 denas
776 2738 941 2781 animas
981 2737 1238 2793 profundere
1276 2739 1530 2793 praestabat
1569 2753 1697 2794 quam

170 2807 381 2851 lateribus
413 2807 613 2851 fodicatis
646 2809 759 2851 omni
802 2808 929 2864 culpa
957 2808 1166 2851 immunes
1204 2806 1321 2849 luere
1351 2815 1552 2863 poenas.“
1612 2809 1695 2853 Hic

167 2876 458 2920 anacoluthon
494 2877 673 2933 „quibus
702 2878 937 2921 immunes“
969 2880 1035 2921 est
1063 2875 1310 2920 notandum.
