1901 3153
904 155 963 197 Βῆ

204 317 207 319 ,
232 278 406 310 arceo:
442 264 565 309 Nom.
595 278 631 308 c.
658 263 730 308 inf.
762 265 867 309 XVI
891 270 958 317 11,
986 270 1036 307 11
1080 278 1169 321 quo
1207 265 1436 311 aedificato
1468 267 1695 311 constabat

174 334 295 380 adire
325 335 561 380 Germanos
600 335 747 378 arceri.
785 351 837 366 ··—
869 337 966 379 Aco.
999 349 1033 380 c.
1059 336 1133 379 int.
1163 340 1247 380 act.
1287 341 1364 380 aut
1401 336 1475 380 inf.
1513 336 1693 393 simplex

171 407 384 452 invenitur
414 409 543 448 XXII
570 410 635 457 10,
661 411 683 449 7
714 405 893 450 arcebat
923 406 1077 450 docere
1106 406 1349 463 magistros.

230 484 526 541 prohibeo:
567 483 687 526 Nom.
726 497 759 526 c.
789 483 860 525 inf.
894 488 998 527 XIX
1026 490 1065 535 9,
1090 490 1111 526 1
1150 484 1327 528 tendere
1355 483 1697 540 prohibebantur

171 552 300 595 XXII
320 557 358 604 9,
378 556 429 595 16
452 555 579 595 XXV
599 556 663 602 10,
681 555 728 599 3;
753 551 907 594 XXXI
926 557 990 604 11,
1010 556 1054 605 33
1081 556 1145 602 15,
1161 557 1199 596 4.
1231 554 1328 596 Acc.
1346 567 1381 596 c.
1397 552 1471 596 inf.
1486 567 1527 608 p.
1558 556 1695 595 XXIV

172 625 211 676 6,
230 623 254 662 5
284 619 398 674 quod
420 618 513 662 fieri
527 618 755 674 prohibere
767 621 995 664 tentarent.
1020 623 1203 661 XXVIII
1220 616 1257 672 3,
1274 625 1299 662 6
1325 624 1471 660 XXIX
1494 623 1534 675 5,
1550 623 1617 661 10.
1636 643 1692 650 -

168 687 264 731 Acc.
289 701 323 731 c.
337 686 411 730 inf.
428 686 556 730 activi
571 685 779 729 infinitivo
797 685 916 729 verbi
935 686 1194 729 intransitivi
1212 691 1433 742 sequente:
1453 690 1554 729 XIV
1573 690 1638 736 10,
1655 690 1693 730 9.

151 758 313 808 ,XXIII
336 759 374 802 1,
399 758 447 796 7:
490 753 625 797 libros
668 753 889 796 discedere
919 753 1226 808 Imperatorem
1259 754 1531 809 prohibuisse
1573 752 1687 802 „Ne“

167 823 343 881 legitur:
381 827 480 867 XVI
499 827 565 873 12,
583 824 637 865 55
671 826 819 865 XVIII
839 826 876 875 2,
896 826 921 865 8
961 825 1130 865 XXVII
1145 826 1183 874 5,
1202 827 1225 865 9
1258 827 1407 866 XXIX
1433 827 1469 869 1,
1486 823 1555 865 34.

300 904 439 946 vito:
472 907 595 945 XXV
612 906 651 958 2,
672 907 719 944 7:
751 902 971 945 vitandum
1002 916 1096 945 esse
1132 916 1185 945 ne
1215 903 1320 957 quid
1350 906 1600 954 tentaretur,
1642 902 1688 944 id

164 975 233 1016 est
276 985 451 1028 „cavere
481 985 535 1014 ne
566 971 668 1026 quid
698 970 793 1023 fiat,
824 971 890 1013 vel
917 970 1186 1027 prohibere.“

222 1044 407 1085 terreo
438 1044 599 1083 XXVII
618 1044 656 1091 7,
674 1044 697 1083 9
729 1040 921 1083 inimicos
951 1039 1069 1095 loqui
1096 1043 1272 1084 terrent.

222 1117 487 1171 perterreo
519 1116 620 1155 XIX
637 1116 742 1163 10,1
778 1112 955 1154 introire
983 1116 1154 1167 portum
1182 1110 1492 1168 perterrebant.

219 1182 383 1226 obsto
424 1181 649 1236 quominus
680 1184 825 1221 XXVI
842 1185 880 1232 4,
899 1185 937 1222 6.

218 1252 426 1294 resisto
465 1264 517 1293 ne
550 1254 669 1293 XXV
687 1254 768 1297 9,8
802 1250 1044 1292 reluctor
1073 1262 1126 1292 ne
1157 1252 1280 1290 XXV
1304 1253 1370 1300 10,
1393 1252 1458 1291 71.

218 1333 399 1364 caveo:
437 1323 560 1360 XXII
589 1322 655 1370 6,5
687 1333 772 1373 qua
802 1323 975 1361 cavetur
998 1318 1159 1361 nullum
1186 1318 1538 1375 interpellari.—
1568 1316 1684 1370 ,‚Ne“

163 1397 307 1436 autem
340 1396 421 1433 XX
451 1396 490 1447 8,
514 1394 582 1433 14.

612 1497 676 1535 11.
722 1491 905 1535 Verba
947 1490 1243 1534 efficiendi.

220 1575 413 1618 Facio:
454 1574 549 1616 Acc.
581 1588 616 1615 c.
649 1573 723 1615 inf.
753 1588 795 1628 p.
825 1578 898 1616 XV
930 1578 953 1615 6
997 1578 1018 1614 1
1051 1586 1147 1615 reos
1180 1573 1304 1615 citari
1328 1571 1490 1615 faceret
1516 1570 1687 1613 multos.

160 1642 329 1685 XXVII
350 1647 386 1684 7.
407 1646 445 1684 3.
470 1665 516 1671 --
549 1643 645 1684 Acc.
672 1656 705 1684 c.
730 1641 803 1683 inf.
823 1641 1032 1684 infinitivo
1054 1642 1314 1684 intransitivi
1335 1641 1454 1685 verbi
1480 1645 1684 1696 sequente

165 1714 354 1753 XXVIII
385 1716 422 1760 1,
440 1714 515 1753 35:
555 1711 731 1753 introire
760 1711 862 1754 fecit
889 1712 1061 1767 agmina
1087 1710 1347 1754 carnificum.

218 1779 332 1837 ,.Ut“
371 1785 514 1823 autem
545 1786 686 1823 exstat
714 1784 875 1823 XXVII
899 1785 937 1832 6,
961 1786 997 1824 9.

216 1861 426 1905 efficio:
457 1862 555 1904 Ace.
583 1875 617 1911 c,
649 1860 723 1905 inf.
754 1876 795 1917 p.
826 1858 926 1904 XIX
948 1865 987 1911 4,
1007 1866 1030 1903 7
1060 1860 1192 1905 efficit
1221 1861 1266 1904 in
1292 1860 1551 1905 aridioribus
1575 1861 1680 1904 locis

159 1936 336 1988 agentes
366 1931 578 1974 caloribus
605 1931 765 1973 crebris
795 1930 1072 1985 interpellari.
1105 1935 1210 1971 XIX
1231 1935 1297 1987 12,
1314 1935 1339 1973 5
1378 1935 1518 1973 XXIX
1541 1933 1579 1985 5,
1601 1934 1679 1982 13;

160 2005 198 2051 6,
223 2005 259 2043 5.
288 2025 340 2030 ——
369 1999 506 2055 ‚‚Ut“:
536 2005 659 2043 XXII
681 2006 732 2043 15
752 2005 805 2043 25
852 2000 1060 2044 Effectum
1083 2005 1149 2044 est
1171 2006 1237 2044 ut:
1269 2006 1388 2045 XXV
1406 2005 1515 2053 8,15
1544 1998 1680 2044 XX'VI

161 2075 199 2121 1,
220 2074 286 2111 11.
317 2068 523 2125 „Factum
544 2066 646 2113 ‘est“
687 2069 844 2124 ubique
874 2075 973 2121 „ut“
1005 2071 1206 2126 sequitur.

216 2152 520 2206 adipiscor:
565 2150 733 2205 Ubique
777 2150 872 2201 ,‚id“
910 2151 1145 2206 praemisso
1189 2152 1288 2201 „ut“
1329 2151 1522 2206 sequitur
1552 2154 1679 2193 XXV

160 2222 197 2274 7,
219 2226 270 2263 11
300 2225 457 2264 xxm
480 2225 517 2268 9,
538 2224 563 2262 8
594 2224 762 2263 xxvni
785 2223 822 2272 5,
848 2224 884 2262 2.

214 2315 504 2356 assequor:
535 2300 704 2356 Ubique
735 2306 830 2354 „ut“
866 2300 1080 2344 invenitur
1108 2305 1211 2343 XIV
1230 2306 1266 2350 1,
1285 2305 1310 2343 3
1342 2304 1426 2343 XV
1449 2305 1486 2353 8,
1512 2304 1537 2342 2

215 2372 480 2426 impetro:
512 2372 610 2413 Ace.
642 2385 674 2412 c.
702 2369 775 2413 inf.
808 2385 847 2425 p.
879 2375 973 2413 XIV
994 2376 1031 2421 1,
1052 2375 1076 2412 3
1118 2385 1213 2413 cum
1243 2371 1412 2414 misceri
1443 2372 1525 2414 sibi
1551 2385 1676 2427 gene-

155 2456 249 2485 rum
294 2455 378 2483 non
424 2441 685 2497 impetraret.
763 2440 873 2496 ,‚Ut“
914 2445 1072 2492 exstat,
1115 2442 1297 2484 maxime
1337 2443 1586 2498 pronomine
1632 2442 1679 2486 id

158 2511 462 2555 antecedente:
492 2516 605 2554 XVII
631 2516 669 2562 3,
696 2516 741 2564 6;
776 2515 841 2561 10,
862 2514 886 2553 5
919 2515 1076 2554 XXVII
1106 2516 1143 2561 9,
1166 2516 1219 2554 10
1256 2515 1443 2555 XXVIII
1468 2517 1505 2564 1,
1524 2516 1562 2556 8.

550 2611 619 2656 IV.
663 2612 844 2657 Verba
877 2614 1286 2670 impersonalia.

294 2694 599 2750 Contingit:
650 2697 749 2739 Acc.
792 2711 826 2739 c.
864 2697 937 2739 inf.
982 2712 1022 2752 p.
1063 2702 1198 2740 XVIII
1228 2703 1267 2754 2,
1297 2703 1351 2741 14
1393 2699 1468 2742 ubi
1508 2698 1676 2741 hostem

153 2762 418 2819 contingeret
460 2764 638 2808 inveniri
677 2770 811 2809 XXVI
838 2771 874 2818 7,
898 2771 933 2810 7.
1018 2766 1260 2811 Infinitivus
1316 2768 1431 2811 solus
1482 2768 1674 2812 subiecto

155 2834 311 2877 omisso
358 2840 495 2879 XXIX
521 2840 560 2894 5,
583 2840 649 2881 55.
685 2861 742 2870 --
784 2837 897 2894 „Ut“
937 2842 1102 2881 autem:
1147 2839 1252 2882 XVI
1280 2842 1318 2890 5,
1344 2843 1371 2881 4
1419 2843 1524 2882 XXI
1558 2844 1624 2892 16,
1648 2844 1673 2883 3

154 2907 278 2948 xxv
301 2908 337 2957 7,
359 2909 424 2947 12.
