1901 3153
953 173 1005 215 17

224 293 446 346 sequatur,
476 302 524 332 re
554 288 651 344 ipsa
678 286 948 340 adducimur,
989 291 1039 330 ut
1065 300 1190 330 usum
1219 285 1605 342 interrogationum
1636 284 1746 328 indi-

221 363 435 405 rectarum
473 361 516 402 et
542 356 885 401 enunciationum
921 356 1197 401 relativarum
1234 356 1281 400 in
1310 355 1523 400 indirecta
1553 355 1747 399 oratione

220 429 458 485 positarum
484 426 837 481 contemplemur,
873 425 988 480 quod
1012 426 1058 469 in
1085 425 1152 468 his
1188 425 1559 468 enunciatiom'bus
1599 424 1747 479 lingua

222 496 387 541 Graeca
416 495 565 539 eodem
594 495 740 548 modo,
769 499 818 539 ut
845 495 891 539 in
920 509 1001 539 usu
1025 495 1263 552 particulae
1297 490 1423 549 ,,ὁ’τι“
1456 509 1482 540 a
1510 495 1646 539 latina
1666 495 1747 538 lin·

221 578 308 619 gua
337 563 550 607 abhorret.

358 633 410 676 In
436 631 657 676 indirectis
686 631 1095 689 interrogationibus
1112 630 1285 687 quidem
1300 630 1592 675 coniunctivus
1609 630 1743 674 multo

222 702 392 757 saepius
421 702 652 745 indicativo
683 701 902 745 adhibitus
934 705 1020 752 est,
1052 701 1128 744 sed
1156 701 1193 744 si
1221 715 1313 744 rem
1336 702 1579 744 accuratius
1609 702 1746 744 intue-

220 785 335 824 mur,
364 771 551 815 maxima
577 785 681 827 pars
710 771 1071 815 coniunctivorum
1101 774 1269 827 tempus
1296 773 1577 828 praeteritum
1608 772 1747 827 sequi—

220 844 312 892 tur,
355 855 450 884 cum
478 845 671 897 tempore
700 844 927 896 praesente
968 841 1247 884 antecedente
1286 843 1458 897 saepius
1487 842 1744 885 indicativus

222 908 441 952 adhibitus
468 909 534 951 sit.
561 931 563 933 ·
593 907 741 950 Multis
768 907 872 951 locis
903 922 972 951 res
1011 908 1176 951 incerta
1206 912 1294 958 est,
1330 913 1473 952 utrum
1502 911 1745 954 enunciatio

220 977 399 1021 relativa
437 992 494 1020 an
525 977 832 1032 interrogativa
869 978 937 1020 sit.
1005 977 1088 1021 Hic
1126 978 1331 1021 nonnulla
1368 979 1562 1035 exempla
1607 979 1745 1023 solum

220 1045 419 1097 afferam,
448 1058 557 1101 quae
584 1045 767 1088 maxime
788 1045 843 1089 ab
863 1059 944 1088 usu
972 1045 1146 1102 linguae
1176 1045 1338 1089 latinae
1366 1046 1610 1090 discedunt:
1640 1048 1744 1091 XIV

223 1120 262 1166 6,
284 1120 358 1158 14:
386 1116 512 1158 anxie
531 1114 839 1158 deliberatione
868 1118 1101 1166 tractatur,
1137 1130 1193 1158 an
1224 1116 1446 1159 conveniet
1471 1116 1656 1168 XVI12‚
1673 1120 1745 1160 18:

221 1184 469 1240 experieris,
509 1184 612 1240 quid
641 1183 807 1229 efficiet
834 1184 987 1228 XXIX
1005 1190 1043 1237 1,
1062 1189 1137 1228 32:
1186 1186 1514 1241 quaerentibus,
1551 1187 1624 1243 qui
1653 1201 1747 1231 suc-

220 1253 356 1296 cedet.
394 1253 546 1295 XXIX
559 1256 598 1304 4,
620 1257 667 1296 2:
697 1254 867 1310 cognito
897 1254 971 1297 ubi
1000 1254 1172 1309 poterit.
1207 1254 1399 1299 XXVIII
1409 1259 1539 1307 4,15:
1565 1257 1746 1301 interro-

220 1324 351 1377 gante
382 1322 455 1376 qui
485 1321 657 1377 poterit.

357 1392 442 1434 Alii
471 1391 554 1434 loci
581 1391 735 1446 quibus
753 1392 1009 1435 indicativus
1026 1396 1257 1448 usurpatus
1283 1397 1368 1450 est,
1399 1397 1499 1437 sunt
1528 1394 1595 1437 hi:
1641 1395 1746 1439 XIV

221 1464 333 1517 4,4;
365 1460 404 1517 6,
419 1464 495 1513 223
527 1465 566 1516 7,
589 1465 663 1514 143
697 1465 842 1517 10,15.
879 1461 980 1505 XVI
1003 1467 1155 1519 12,1s;
1187 1466 1225 1515 5,
1246 1468 1284 1507 9.
1329 1463 1621 1522 XV1113,24;
1655 1471 1692 1523 7,
1707 1471 1745 1510 9.

219 1530 329 1572 XIX
348 1534 387 1582 4,
413 1531 449 1573 1.
491 1529 578 1571 XX
600 1533 638 1581 5,
659 1534 707 1583 4;
740 1534 863 1586 8,19.
896 1530 1006 1573 XXI
1023 1537 1061 1582 1,
1086 1537 1123 1584 7,
1144 1537 1218 1584 13;
1259 1537 1298 1588 6,
1319 1537 1356 1574 1.
1389 1533 1515 1576 XXV
1531 1539 1653 1591 3,10,
1681 1540 1745 1578 15.

219 1599 367 1643 XXVI
380 1603 494 1650 7,15.
511 1598 809 1651 XXVIII4,9;
829 1603 914 1655 6,1.
944 1599 1091 1643 XXIX
1109 1604 1145 1652 2,
1160 1604 1278 1656 9,15.
1298 1601 1561 1657 XXXI4,6;
1596 1607 1743 1653 10,18.

220 1692 272 1699 -
306 1667 456 1719 XIV9‚
474 1674 516 1721 13
537 1674 603 1719 11,
620 1673 688 1711 21.
710 1669 969 1717 XV111‚12.
991 1669 1743 1728 XV1113,5;6,21.XX7,1;11,5.

219 1735 328 1779 XXI
344 1740 384 1793 5,
407 1743 443 1780 1.
480 1737 610 1779 XXII
632 1742 672 1794 3,
690 1742 727 1781 8.
759 1738 912 1781 XXIII
930 1743 967 1791 6,
987 1742 1054 1781 50.
1085 1738 1211 1782 XXV
1223 1743 1315 1791 4‚8.
1346 1739 1497 1783 XXVI
1514 1744 1552 1792 5,
1574 1746 1622 1797 9;
1656 1747 1745 1792 1,1.

220 1805 409 1850 XXVIII
430 1810 524 1863 1,4;
556 1812 654 1859 3,5;
688 1814 726 1866 6,
747 1814 877 1865 9,17;
910 1812 998 1862 5,1.
1030 1810 1161 1852 XXX
1178 1813 1217 1867 5,
1231 1815 1269 1853 9.
1298 1811 1450 1854 XXXI
1465 1816 1504 1868 2,
1520 1817 1595 1866 103
1626 1816 1693 1864 15,
1707 1817 1744 1855 9.

219 1875 339 1919 Alios
365 1875 484 1920 locos
514 1877 568 1920 de
597 1878 752 1932 quibus
786 1878 976 1922 dubitari
1006 1883 1169 1935 potest,
1201 1881 1365 1933 omitto,

358 1945 474 1990 Usus
520 1947 703 2003 denique
735 1948 957 1992 modorum
1000 1949 1346 1994 enunciationum
1384 1950 1659 1994 relativarum
1699 1950 1745 1993 in

221 2026 415 2057 sermone
454 2015 705 2071 imperfecta
753 2017 991 2072 positarum
1022 2017 1150 2073 plane
1190 2018 1305 2061 idem
1344 2023 1412 2062 est
1448 2032 1574 2074 quem
1615 2032 1746 2074 supra

219 2082 337 2139 apud
360 2083 616 2138 particulam
643 2085 813 2140 „quod“
839 2085 1081 2129 adhibitum
1110 2087 1508 2130 demonstravimus.
1561 2086 1744 2129 Omnino

221 2152 333 2195 enim
347 2152 568 2197 indicativi
582 2167 685 2197 usus
715 2154 957 2215 praevalet,
987 2155 1352 2200 coniunctivorum
1369 2159 1513 2200 autem
1539 2169 1746 2212 praesens

218 2227 386 2279 tempus
417 2225 683 2280 sequentium
719 2224 803 2268 duo
834 2225 970 2268 solum
998 2226 1193 2281 exempla
1222 2230 1406 2269 exstant.
1458 2225 1610 2268 XXIII
1628 2229 1668 2275 5,
1690 2230 1744 2267 22

221 2292 406 2348 „ubique
430 2294 545 2337 omni
585 2295 886 2352 praerogativa
915 2295 1176 2352 principum,
1219 2296 1293 2351 qui
1321 2295 1438 2352 quod
1466 2295 1652 2339 dixerint
1680 2294 1748 2338 vel

221 2362 482 2414 censuerint,
511 2376 590 2417 pro
617 2367 832 2418 potestate
847 2364 1116 2406 auctoritatis
1140 2365 1301 2406 iustum
1337 2378 1432 2407 esse
1459 2365 1745 2407 existimant.“

220 2427 306 2473 Sed
333 2429 404 2474 hic
426 2430 651 2475 relativum
680 2431 849 2488 „quod“
877 2431 967 2475 fere
984 2431 1098 2475 idem
1117 2431 1338 2488 significat
1366 2432 1481 2488 quod
1510 2446 1747 2488 pronomen

221 2499 594 2555 „quodcumque“,
626 2501 746 2543 cuius
784 2501 953 2556 generis
988 2502 1242 2556 pronomina
1276 2502 1331 2545 ab
1362 2502 1587 2544 Ammiano
1616 2502 1747 2544 etiam
1813 2549 1820 2555 ,

222 2568 269 2611 in
295 2568 489 2612 oratione
521 2568 685 2613 directa
714 2569 964 2625 plerumque
991 2584 1085 2613 cum
1113 2570 1378 2614 coniunctivo
1398 2570 1624 2614 coniuncta
1652 2583 1747 2613 esse

221 2636 307 2680 iam
335 2651 468 2693 supra
497 2637 657 2681 dictum
684 2641 760 2681 est.
817 2637 940 2681 Alter
975 2638 1094 2681 locus
1133 2638 1399 2683 coniunctivo
1440 2652 1645 2695 praesens
1670 2648 1745 2682 tse-

221 2709 379 2762 quente
409 2710 679 2751 constructus
704 2706 864 2764 legitur
890 2706 1080 2752 XXVIII
1102 2711 1220 2760 1,15.

358 2773 590 2817 Multorum
618 2775 927 2830 exemplorum,
964 2775 1120 2829 quibus
1135 2774 1391 2817 indicativus
1421 2777 1584 2830 exstat,
1615 2774 1745 2817 etiam

221 2837 292 2882 hic
320 2853 461 2895 pauca
489 2840 615 2884 modo
645 2840 701 2885 ab
732 2854 813 2884 usu
841 2841 1016 2898 linguae
1053 2841 1215 2885 latinae
1256 2841 1441 2884 maxime
1468 2839 1745 2885 abhorrentia

222 2906 402 2953 afferam
431 2910 579 2954 XXVI
601 2914 641 2968 5,
662 2915 714 2953 12
752 2915 977 2968 precantes
1007 2924 1061 2955 ne
1089 2911 1135 2954 in
1160 2911 1291 2956 rebus
1321 2910 1440 2954 duris
1469 2910 1743 2967 relinqueret,

1434 2983 1458 3021 2
