1901 3153
945 176 995 216 11

218 295 262 335 et
289 292 424 335 solum
455 290 709 335 sententiam
736 292 985 345 sequentem
1015 289 1203 334 breviter
1239 287 1507 344 significans,
1550 285 1738 343 pellexit,

216 365 265 405 ut
292 372 596 416 nonnunquam
622 358 786 415 ‚,quod“
825 359 922 403 loco
961 358 1117 403 obiecti
1152 361 1395 415 poneretur.
1457 357 1526 400 Ita
1553 355 1739 412 quodam

215 430 341 473 modo
362 431 474 473 inter
487 443 610 472 usum
636 429 851 473 scribendi
868 433 912 472 et
939 429 1197 473 cotidianam
1212 428 1422 472 rationem
1447 425 1618 470 dicendi
1644 437 1740 470 con·

214 500 373 543 iunctio
402 499 517 542 facta
549 503 624 542 est.
670 498 778 542 Nam
806 498 919 542 hunc
945 513 1068 542 usum
1100 498 1269 542 dicendi
1290 497 1577 553 posteriorum
1606 496 1739 552 scrip-

214 571 354 611 torum
383 568 449 611 his
475 568 794 624 pronominibus
827 569 928 613 solis
957 583 1043 612 non
1073 572 1213 612 ortum
1241 582 1335 612 esse
1364 581 1505 623 neque
1533 581 1561 611 a
1583 570 1740 612 natura

216 638 422 680 sermonis
452 637 575 680 latini
604 637 854 689 abhorrere,
888 652 939 682 ea
967 652 1014 682 re
1042 641 1239 695 apparet,
1268 638 1381 694 quod
1398 651 1493 681 cum
1520 638 1606 680 iam
1621 636 1739 693 apud

215 707 479 761 antiquiores
512 707 742 761 scriptores
771 707 842 751 hic
872 722 974 750 usus
1005 711 1169 757 exstat,
1213 711 1303 750 tum
1332 706 1449 763 apud
1482 706 1579 750 illos
1608 706 1741 763 scrip·

214 777 347 826 tores,
387 776 459 830 qui
497 776 625 831 primi
654 779 832 831 excepto
865 776 1048 819 forsitan
1080 777 1283 833 Apuleio,
1320 777 1439 820 cuius
1473 777 1518 819 in
1552 776 1738 820 dictione

215 842 489 888 diiudicanda
525 845 636 888 aliae
661 845 849 889 rationes
866 845 1126 902 spectandae
1156 850 1274 899 sunt,
1304 842 1387 889 hoc
1415 845 1542 889 modo
1568 844 1739 891 dicendi

214 912 342 956 latius
387 913 666 971 diffusiusque
703 918 881 958 utuntur
916 915 1126 971 simulque
1165 915 1222 959 ad
1258 915 1470 971 plebeiam
1512 915 1740 960 dictionem

213 997 347 1039 prope
377 985 603 1039 accedunt,
634 986 751 1046 apud
781 986 1010 1042 scriptores
1042 985 1095 1029 H.
1127 986 1196 1039 A.‚
1233 985 1342 1030 haec
1369 985 1622 1042 pronomina
1650 985 1738 1043 ple-

213 1064 392 1107 rumque
421 1054 578 1097 omissa
605 1058 714 1098 sunt.
759 1054 990 1098 Praeterea
1020 1068 1104 1111 quo
1134 1055 1261 1098 modo
1290 1055 1360 1098 hic
1385 1067 1488 1098 usus
1517 1054 1562 1097 in
1592 1068 1738 1099 omnes

213 1121 381 1177 linguas
408 1137 606 1167 romanas
637 1124 821 1167 transire
865 1125 1036 1180 potuit?
1096 1124 1205 1168 Nam
1213 1160 1226 1181 ,
1257 1128 1306 1167 ut
1340 1123 1533 1168 nonnulli
1571 1127 1737 1181 putant,

213 1204 292 1245 per
318 1193 549 1247 scriptores
582 1193 912 1245 ecclesiasticos,
944 1194 1015 1248 qui
1030 1193 1194 1237 Graeco
1224 1188 1348 1250 ,,ὁ’τι“
1380 1197 1580 1237 accurate
1593 1198 1733 1239 trans·

213 1261 417 1304 vertendo
447 1276 655 1319 persaepe
687 1263 854 1318 ‚,quod“
886 1262 1183 1313 adhibuerint,
1227 1263 1341 1306 hunc
1370 1276 1493 1305 usum
1523 1263 1587 1306 ita
1615 1262 1739 1306 diffu-

216 1343 308 1373 sum
340 1345 451 1389 esse,
483 1336 530 1375 ut
557 1333 602 1376 in
629 1333 726 1376 illas
756 1333 925 1389 linguas
952 1333 1176 1384 transiret,
1207 1336 1256 1375 ut
1285 1336 1434 1389 putem
1463 1332 1621 1377 adduci
1653 1347 1739 1378 non

213 1413 399 1455 possum.
451 1402 611 1445 Contra
630 1402 693 1444 illi
718 1402 947 1458 scriptores
964 1401 1173 1445 Graecum
1190 1397 1314 1458 ‚‚b'ze‘
1340 1403 1554 1458 particula
1574 1404 1740 1458 ‚,quod“

214 1469 272 1513 ad
299 1471 473 1514 verbum
503 1475 788 1514 transvertere
818 1484 902 1514 non
930 1472 1188 1527 potuissent,
1226 1471 1309 1513 nisi
1340 1470 1412 1514 hic
1449 1485 1551 1514 usus
1588 1473 1634 1515 in
1661 1472 1740 1515 lin-

215 1554 299 1595 gua
326 1540 461 1584 latina
486 1541 583 1596 ipsa
604 1540 848 1583 exstitisset.
908 1539 959 1582 Id
1003 1540 1138 1582 solum
1177 1540 1336 1595 opponi
1372 1544 1534 1596 potest,
1572 1541 1738 1597 ‚,quod“

214 1612 302 1652 tam
332 1623 431 1653 raro
457 1610 501 1652 in
534 1609 813 1665 scriptoribus
844 1609 1063 1652 veteribus
1091 1609 1282 1652 inveniri.
1325 1608 1410 1652 Sed
1426 1623 1478 1652 ex
1506 1610 1589 1653 hac
1613 1625 1662 1654 re
1692 1611 1739 1655 id

216 1678 350 1721 solum
383 1679 589 1734 sequitur,
634 1683 682 1721 ut
719 1679 805 1722 iam
839 1679 1022 1735 pristino
1064 1682 1256 1733 tempore
1287 1677 1470 1721 Romani
1509 1678 1738 1724 discrimen

213 1748 326 1792 inter
354 1762 476 1791 usum
506 1748 743 1804 particulae
774 1748 938 1804 ‚,quod“
974 1750 1017 1790 et
1045 1761 1132 1790 acc.
1165 1760 1198 1790 c.
1236 1746 1310 1789 inf.
1349 1747 1395 1789 in
1425 1748 1650 1792 scribendo
1679 1750 1739 1794 fe-

215 1819 362 1862 cerint.
423 1818 515 1861 Hoc
558 1817 784 1860 discrimen
823 1819 968 1858 autem
1018 1829 1102 1858 non
1142 1828 1166 1858 0
1217 1822 1373 1858 natura
1400 1815 1574 1872 linguae
1602 1819 1738 1873 ipsius

215 1893 354 1933 ortum
391 1902 528 1932 sermo
561 1888 754 1944 plebeius
790 1900 876 1929 non
911 1886 1181 1930 observabat.
1256 1885 1341 1929 Sed
1380 1889 1649 1930 transeamus
1683 1888 1740 1931 ad

214 1973 337 2001 usum
378 1958 614 2014 particulae
659 1957 826 2013 ‚,quod“
870 1958 1127 2013 scriptorum
1170 1955 1226 2000 H.
1260 1956 1309 2000 A.
1354 1957 1738 2012 contemplandum.

214 2028 420 2084 Exempla
452 2028 496 2070 in
525 2027 679 2082 quibus
711 2026 876 2082 ‚,quod“
924 2026 1063 2070 locum
1107 2026 1214 2069 meri
1258 2025 1415 2069 obiecti
1455 2029 1591 2080 tenet,
1636 2030 1738 2071 sunt

214 2098 337 2140 haec:
373 2097 507 2139 Hadr.
537 2101 588 2138 21
632 2109 726 2139 cum
758 2096 1001 2151 scripsisset
1037 2095 1152 2150 quod
1182 2095 1322 2138 vellet.
1395 2095 1516 2138 Avid.
1547 2096 1667 2139 Cass.
1699 2103 1737 2140 9.

215 2181 309 2210 cum
344 2167 460 2209 dicat
489 2165 602 2221 quod
630 2166 895 2221 sumpsisset.
953 2164 1093 2208 Sever.
1128 2169 1149 2206 1
1189 2164 1392 2220 ignorans
1429 2165 1545 2220 quod
1575 2180 1659 2209 non
1689 2166 1740 2210 li-

215 2239 341 2280 ceret.
387 2235 513 2278 Item:
547 2248 693 2277 assero
725 2233 850 2288 quod,
880 2234 1020 2276 Aurel.
1054 2238 1092 2276 2.
1135 2233 1282 2276 andio:
1330 2232 1473 2278 Valer.
1510 2239 1532 2276 1
1570 2249 1739 2279 causor:

214 2306 306 2351 Sev.
340 2311 363 2349 7
397 2303 629 2361 comperio:
661 2302 829 2347 Gallien
850 2307 901 2346 17
934 2302 1086 2346 credo:
1117 2302 1294 2346 Macrin.
1322 2306 1362 2348 3.
1395 2303 1610 2349 existimo:
1638 2304 1740 2349 Dia·

215 2378 325 2422 dum.
350 2382 387 2420 1.
416 2377 589 2432 ignoro:
629 2372 1032 2435 Heliog.21.7Gord.
1064 2378 1132 2417 22.
1162 2374 1311 2431 iungo:
1344 2373 1454 2417 Had.
1475 2379 1539 2418 11.
1572 2373 1665 2421 Sev.
1684 2379 1738 2419 35

213 2453 336 2505 puto:
362 2446 536 2491 Maxim.
557 2451 622 2489 17.
653 2445 853 2502 reclamo:
885 2444 1052 2502 Heliog.
1070 2449 1137 2489 31.
1173 2445 1301 2490 Firm.
1323 2449 1361 2488 2.
1385 2459 1528 2501 spero:
1559 2447 1739 2492 Macrin.

215 2522 253 2560 5.
285 2518 381 2573 trig.
414 2532 448 2560 c.
484 2520 550 2558 15.
582 2517 794 2571 suspicor:
825 2516 956 2559 Macr.
994 2521 1044 2559 14
1076 2520 1237 2560 certus:
1268 2518 1365 2560 Ant.
1397 2516 1505 2561 Phil.
1538 2522 1602 2560 18.

354 2585 558 2630 Omnibus
588 2584 655 2628 his
686 2585 790 2629 locis
808 2586 1099 2629 coniunctivus
1120 2586 1375 2642 particulam
1403 2585 1571 2641 ‚,quod“
1603 2586 1740 2643 sequi-

211 2662 303 2710 tur,
337 2658 382 2700 id
401 2658 515 2713 quod
547 2661 726 2701 naturae
755 2657 878 2701 latini
909 2658 1114 2701 sermonis
1144 2672 1381 2715 congruum
1394 2656 1642 2701 habendum
1660 2660 1738 2700 est.

212 2726 565 2783 Insequentibus
597 2726 802 2784 exemplis
843 2727 974 2771 verba
1014 2730 1114 2771 sunt
1155 2728 1284 2772 etiam
1323 2728 1454 2772 verba
1488 2727 1738 2773 declarandi

213 2799 257 2840 et
271 2796 503 2853 sentiendi,
534 2795 610 2840 sed
629 2796 871 2840 enunciatio
889 2796 1103 2852 particula
1133 2798 1300 2852 ‚,quod“
1331 2800 1576 2841 constructa
1600 2797 1740 2841 locum

213 2866 395 2910 subiecti
421 2869 559 2918 tenet,
589 2880 684 2910 cum
713 2866 890 2911 verbum
921 2869 997 2911 aut
1020 2866 1306 2924 impersonale
1322 2868 1379 2912 sit
1403 2869 1479 2911 aut
1492 2866 1622 2910 tertia
1641 2879 1736 2922 per·

212 2947 319 2980 sona
356 2936 517 2992 passivi
552 2936 837 2992 exprimatur:
880 2936 1060 2982 Gallien.
1079 2941 1125 2980 2:
1168 2941 1384 2995 comperto
1421 2937 1535 2993 quod
1565 2937 1740 2982 veniret.
