1901 3153
941 196 966 236 5

192 309 321 355 etiam
351 309 543 366 linguam
587 309 632 352 in
659 308 887 365 provinciis
928 307 1134 353 usitatam
1162 306 1429 353 adhiberent.
1491 308 1621 354 Cuius
1651 308 1716 353 rei

192 380 422 437 scriptores
453 379 671 423 Historiae
701 381 923 436 Augustae
962 379 1144 423 maxime
1188 382 1387 423 auctores
1431 383 1542 423 sunt.
1613 381 1715 424 Am-

190 451 333 494 miano
371 448 620 492 Marcellino
655 449 805 506 igitur,
852 448 924 504 qui
964 448 1034 492 vix
1075 448 1229 505 puerili
1268 452 1412 493 aetate
1453 452 1631 506 peracta
1672 450 1718 493 in

191 521 344 565 castris
374 520 537 564 versari
565 520 724 576 coepit,
766 519 932 564 occasio
976 533 1060 562 non
1108 520 1210 564 data
1256 523 1323 564 est
1350 520 1523 577 linguae
1554 520 1717 564 latinae

189 592 389 633 accurate
445 589 685 632 discendae.
784 588 935 644 Itaque
993 601 1131 633 sermo
1184 589 1322 644 plebis
1388 592 1432 633 et
1488 589 1717 633 castrensis

190 655 359 716 semper
401 658 517 715 apud
565 658 655 702 eius
688 657 918 702 dictionem
948 658 1128 701 multum
1158 658 1304 705 valuit,
1366 658 1485 711 Quae
1523 673 1593 703 res
1632 673 1718 703 non

190 725 326 768 solum
382 726 427 768 in
482 726 605 780 copia
652 725 878 768 verborum
923 725 1117 781 intellegi
1170 729 1314 781 potest
1362 726 1439 768 sed
1492 726 1622 769 etiam
1672 727 1718 768 in

189 793 591 845 constructionibus,
648 807 757 849 quae
816 807 945 850 saepe
1003 794 1089 838 iam
1146 794 1235 838 fere
1299 794 1356 838 ad
1409 795 1578 851 linguas
1635 795 1718 839 Ro-

187 876 337 907 manas
372 863 593 906 accedunt.
668 863 905 918 Praecipue
944 867 1090 906 autem
1135 863 1247 907 hanc
1292 878 1383 907 rem
1429 877 1479 907 eo
1525 864 1716 919 legentes

188 944 316 988 aegre
350 931 512 983 ierunt,
556 930 670 987 quod
711 931 756 974 in
803 934 892 974 tam
923 931 1094 975 sublimi
1137 931 1322 976 dictione
1365 932 1471 977 haec
1499 932 1717 977 inveniun-

188 1003 275 1050 tur,
319 1012 429 1054 quae
471 1002 561 1042 tam
597 999 724 1055 longe
765 999 820 1043 ab
855 1000 1070 1055 elegantia
1102 999 1277 1044 distant.
1355 999 1474 1043 Haec
1502 1000 1717 1044 nonnullis

188 1068 392 1124 exemplis
423 1067 737 1112 demonstrabo.
813 1068 946 1113 Hadr.
986 1068 1182 1113 Valesius
1225 1069 1312 1114 iam
1349 1069 1552 1114 nonnulla
1590 1068 1717 1113 huius

188 1139 356 1194 generis
399 1137 525 1181 affert
572 1138 685 1190 (vide
728 1138 818 1181 edit
864 1138 1016 1194 Wagn.
1060 1129 1194 1193 praef.
1219 1154 1260 1195 p.
1291 1143 1342 1182 51
1357 1139 1406 1192 f.)
1473 1139 1541 1182 Ita
1565 1139 1716 1182 Adiec-

187 1205 296 1248 tiva:
344 1205 529 1255 „saevis‚
559 1204 689 1257 limis,
725 1203 953 1258 infirmis“;
1001 1205 1155 1249 deinde
1186 1205 1339 1249 dativi:
1389 1205 1542 1256 „aliae‚
1580 1211 1714 1252 uno“;

187 1274 377 1330 perfecta
426 1274 607 1330 „pulsi“,
652 1275 857 1331 perculsi,
899 1275 1074 1318 verbum
1115 1275 1358 1328 ‚,fodiendi“
1406 1275 1713 1319 declinationes

189 1347 368 1399 quartae
410 1343 721 1400 coniugationis
763 1343 1002 1386 asciscens“
1053 1356 1232 1398 quorum
1276 1343 1432 1387 similia
1476 1343 1563 1386 iam
1600 1342 1719 1400 apud

187 1413 387 1457 Plautum
433 1414 719 1468 reperiuntur.
798 1412 966 1468 Lingua
1026 1427 1120 1455 cum
1179 1428 1261 1456 usu
1302 1413 1517 1456 scribendi
1561 1412 1718 1456 firmio—

187 1496 276 1543 rem
327 1486 369 1526 et
411 1482 742 1525 constantiorem
785 1481 966 1525 formam
1004 1482 1261 1538 accepisset,
1308 1481 1391 1525 hae
1425 1482 1716 1525 vacillationes

186 1564 344 1608 magna
389 1564 441 1593 ex
482 1552 606 1606 parte
635 1562 807 1592 manere
849 1562 935 1592 non
962 1552 1203 1605 potuerunt.
1273 1549 1323 1592 In
1354 1562 1546 1593 sermone
1579 1548 1718 1605 plebis

187 1624 329 1664 autem
368 1620 476 1663 haec
505 1633 672 1674 semper
698 1618 968 1670 exstiterunt,
1014 1633 1099 1673 qua
1136 1619 1190 1661 de
1227 1633 1356 1662 causa
1386 1622 1716 1662 consentaneum

188 1693 265 1741 est,
299 1689 417 1745 apud
454 1688 564 1731 tales
594 1688 839 1743 scriptores
878 1701 1056 1742 quorum
1087 1687 1268 1730 elocutio
1310 1688 1364 1731 ab
1411 1701 1461 1730 eo
1498 1700 1584 1729 non
1613 1686 1717 1729 mul-

186 1763 277 1802 tum
328 1758 472 1813 abest,
524 1756 630 1800 haec
670 1756 861 1800 inveniri.
941 1756 1067 1799 Multi
1124 1757 1253 1800 etiam
1303 1755 1580 1811 comparativi
1642 1758 1719 1798 aut

188 1826 438 1882 superlativi
482 1825 599 1881 apud
628 1826 896 1868 Ammianum
939 1828 1121 1875 exstant,
1174 1826 1247 1879 qui
1287 1825 1404 1880 apud
1445 1825 1553 1867 alios
1585 1824 1716 1878 scrip-

186 1898 301 1935 tores
346 1905 445 1935 raro
493 1895 568 1934 aut
603 1905 820 1946 nunquam
856 1891 1129 1934 adhibentur.
1201 1891 1314 1933 Satis
1359 1895 1437 1941 est,
1483 1890 1553 1932 hic
1586 1904 1717 1932 unum

188 1961 426 2017 exemplum
469 1959 645 2004 afferre:
703 1960 987 2017 superlativus
1032 1960 1250 2015 piissimus
1305 1974 1332 2003 a
1376 1959 1578 2003 Cicerone
1628 1964 1718 2002 tam

186 2031 311 2074 valde
341 2032 619 2085 vituperatus,
661 2030 777 2085 apud
814 2030 1082 2071 Ammianum
1112 2042 1319 2084 persaepe
1356 2029 1524 2083 legitur.
1596 2027 1717 2069 Idem

187 2100 412 2145 dicendum
477 2103 542 2143 est
606 2100 659 2143 de
714 2099 928 2144 adverbiis
996 2104 1039 2143 et
1102 2100 1245 2143 multis
1319 2100 1438 2144 novis
1489 2100 1718 2144 derivatio-

187 2170 313 2213 nibus
352 2170 568 2212 nominum
611 2173 687 2212 aut
725 2170 966 2213 verborum.
1048 2169 1262 2212 Romanos
1306 2169 1590 2225 deminutivis,
1635 2169 1719 2212 fre-

187 2239 445 2294 quentativis
474 2238 683 2281 similibus
713 2238 853 2281 verbis
884 2238 1067 2281 libenter
1107 2252 1206 2280 usos
1238 2252 1342 2288 esse,
1383 2252 1435 2281 ex
1464 2238 1609 2281 Plauti
1649 2252 1717 2281 co-

187 2306 365 2350 moediis
411 2307 516 2349 satis
560 2310 753 2363 apparet.
815 2306 900 2350 Sed
945 2307 1052 2350 haec
1099 2306 1361 2350 consuetudo
1405 2307 1576 2350 dicendi
1614 2321 1718 2350 non-

187 2376 315 2418 nullis
346 2376 536 2431 exceptis
583 2390 692 2430 quae
737 2376 824 2418 iam
865 2377 988 2431 quasi
1017 2376 1256 2419 inveterata
1285 2380 1428 2431 erant,
1479 2376 1524 2418 in
1561 2375 1718 2418 litteris

188 2446 372 2489 evanuit.
449 2445 601 2501 Itaque
630 2445 766 2488 multa
805 2445 998 2500 exempla
1033 2444 1162 2487 huius
1193 2444 1361 2501 generis
1391 2444 1574 2487 maxime
1603 2443 1719 2499 apud

194 2528 266 2558 eos
294 2514 524 2570 scriptores
549 2516 834 2570 reperiuntur,
864 2515 937 2570 qui
967 2514 1216 2558 veterrimos
1246 2515 1478 2571 scriptores
1497 2514 1720 2557 imitantur

188 2588 265 2626 aut
294 2597 346 2625 ex
381 2597 574 2627 sermone
601 2584 738 2639 plebis
770 2584 905 2627 multa
935 2585 1160 2628 asciscunt.
1221 2585 1288 2626 Ita
1311 2585 1540 2639 praecipue
1564 2584 1720 2639 Apulei

189 2651 318 2695 dictio
375 2652 533 2695 talibus
580 2653 720 2696 verbis
764 2653 969 2697 abundat.
1053 2654 1301 2696 Ammianus
1342 2653 1474 2709 igitur
1512 2667 1719 2710 persaepe

185 2720 514 2774 trequentativis
545 2722 696 2773 utitur,
739 2736 849 2776 quae
878 2723 1036 2778 part-im
1067 2722 1183 2776 apud
1226 2722 1333 2764 alios
1363 2723 1594 2777 scriptores
1633 2737 1719 2765 non

191 2792 378 2839 exstant,
424 2789 581 2843 partim
613 2790 730 2844 apud
778 2804 872 2833 eum
913 2792 953 2834 vi
984 2791 1159 2847 propria
1189 2790 1384 2846 neglecta
1415 2791 1528 2834 idem
1559 2790 1717 2847 signifi-

185 2861 291 2902 -cant
344 2859 458 2913 quod
502 2860 655 2910 verba,
706 2875 732 2903 a
764 2861 918 2916 quibus
958 2861 1153 2904 derivata
1195 2864 1303 2903 sunt.
1380 2860 1519 2903 Huius
1550 2862 1718 2917 generis

189 2932 309 2974 sunt:
344 2929 541 2984 „dictito,
573 2932 787 2988 scriptito,
819 2931 986 2982 factito,
1018 2931 1186 2987 victito‚
1211 2930 1390 2983 vastit0,
1421 2931 1596 2975 vocito.“
1658 2929 1719 2974 Ut
