1901 3153
922 127 976 168 38

189 237 359 293 opponi.
392 261 444 268 —
495 237 608 293 „Ut“
638 241 780 281 autem
810 237 938 280 XXX
955 242 1019 290 10,
1036 242 1084 280 2;
1144 237 1319 282 consilio
1349 237 1461 281 sedit
1487 239 1538 280 ut
1570 236 1707 283 Mero·

189 305 354 350 baudes
382 307 607 351 acciretur.

248 375 543 418 sententia:
575 376 723 419 XXIV
739 379 820 431 8,5
860 375 982 418 Sedit
1008 376 1238 428 sententia,
1268 380 1316 419 ut
1342 375 1612 420 Corduenam
1640 390 1711 420 ar-

188 444 441 501 riperemus.
503 446 611 488 Item
637 445 877 496 „sententia
909 445 1030 488 stetit
1057 446 1131 488 ut“
1163 446 1309 489 XVIII
1321 449 1407 492 5.5.

243 513 547 569 cupiditas:
573 513 682 556 XXI
701 519 738 566 1,
756 518 803 557 ὃς
843 513 1102 557 incendebat
1141 514 1232 558 eius
1270 514 1550 570 cupiditatem
1578 513 1713 557 inces-

189 596 285 627 sere
313 583 427 627 ultro
459 582 765 627 Constantium.

246 652 515 696 facultas:
554 653 705 696 XXIX
722 657 760 707 5,
782 658 837 696 37
880 653 1000 696 dedit
1031 653 1226 698 hostibus
1257 653 1506 697 facultatem
1534 652 1713 697 admini-

186 722 295 765 culis
325 724 489 778 augeri.

244 792 569 835 necessitas:
601 791 792 835 XXVIII
810 798 848 842 1,
873 797 897 834 3
927 792 1113 835 iniecere
1147 793 1449 835 necessitatem
1474 790 1631 834 clausis
1662 793 1711 832 ut

185 873 331 904 omnes
363 867 652 917 congererent.
683 887 735 893 —
765 862 875 905 Item
906 862 1189 918 negotium
1219 861 1353 904 dare
1382 863 1429 903 ut
1457 859 1584 902 XXX
1602 863 1641 910 2,
1662 862 1708 912 7;

184 943 368 973 munus
390 929 601 974 deferre
623 944 676 974 ne
694 930 869 987 XXV3‚
887 936 935 973 16
966 930 1012 973 id
1030 934 1151 974 erat
1172 929 1413 973 officium
1443 932 1490 971 ut
1519 926 1708 971 XXVIII

188 1002 227 1049 3,
260 1002 300 1043 8.

322 1077 465 1121 Etiam
494 1078 670 1122 verbum
700 1079 791 1134 spei
818 1079 920 1135 ‚,ut“
951 1078 1160 1133 sequitur:
1209 1078 1361 1120 XXXI
1377 1082 1415 1129 8,
1434 1081 1481 1120 1:
1524 1077 1604 1121 hac
1633 1090 1711 1133 spe

183 1148 232 1188 ut
260 1148 465 1201 periret“;
498 1148 574 1190 sed
605 1149 705 1199 ‚‚ut“
735 1148 895 1202 pendet
924 1162 975 1189 ex
1004 1147 1252 1201 pronomine
1283 1147 1427 1197 ‚‚hac.“

240 1213 345 1262 lex:
373 1215 524 1258 XXIII
544 1220 577 1265 1,
597 1220 620 1257 7
648 1215 718 1258 lex
748 1216 804 1258 sit
825 1214 1065 1258 defendere.

242 1296 456 1349 tempus
488 1299 590 1337 est:
623 1295 744 1338 XVII
766 1301 802 1347 7,
821 1301 844 1338 9
876 1296 1029 1338 adesse
1058 1300 1226 1350 tempus
1256 1295 1451 1337 existimo
1481 1308 1619 1351 pauca
1649 1296 1710 1339 di-

186 1364 319 1403 cerest‘
364 1361 472 1404 Item
498 1361 624 1403 XXII
649 1366 743 1405 81.
803 1362 890 1417 „Ut
918 1363 1085 1405 exstat“
1128 1363 1209 1404 XV
1227 1366 1265 1416 5,
1288 1366 1365 1404 20:
1425 1376 1508 1404 non
1540 1363 1585 1405 id
1617 1376 1711 1406 esse

182 1433 353 1486 tempus
382 1435 431 1473 ut
457 1436 733 1474 controversa
762 1431 953 1474 defensio
984 1446 1140 1475 causae
1166 1434 1491 1486 susciperetur.“
1530 1431 1615 1475 Sed
1640 1432 1710 1475 hic

183 1499 284 1556 ,‚ut“
314 1500 475 1555 pendet
496 1513 547 1542 ex
565 1501 839 1556 pronomine:
869 1500 968 1557 „id“
998 1515 1095 1543 nam
1128 1500 1359 1557 significat:
1389 1505 1557 1556 tempus
1582 1500 1708 1544 huius

187 1571 358 1626 generis
389 1573 447 1612 ut.

242 1645 474 1701 pretium
505 1649 587 1689 est
617 1659 827 1701 operae:
858 1645 985 1688 XXII
1005 1649 1070 1696 15,
1089 1650 1156 1691 28.
1206 1647 1342 1690 Multa
1374 1647 1418 1689 in
1446 1647 1531 1690 illis
1565 1647 1708 1690 tracti-

184 1716 264 1760 bus
287 1717 473 1772 pretium
503 1720 568 1760 est
597 1731 752 1772 operae
784 1718 1011 1759 maximum
1037 1718 1193 1773 legere.

184 1785 345 1840 nefals
379 1791 465 1829 est:
497 1786 578 1849 XV
595 1792 633 1842 7,
652 1791 675 1829 9
706 1801 784 1829 nec
813 1787 948 1829 visum
964 1786 1176 1829 hominem
1197 1801 1274 1829 nec
1292 1786 1484 1830 auditum
1504 1787 1709 1831 damnare

182 1854 302 1898 nefas
341 1856 536 1898 ultimum
573 1856 828 1899 exclamans.
892 1857 1000 1898 Item
1030 1856 1153 1899 XVII
1178 1861 1243 1907 13,
1267 1863 1279 1899 1
1316 1857 1447 1899 XXX
1465 1863 1504 1911 4,
1522 1863 1588 1901 10.

242 1949 413 1991 opera
443 1936 698 1992 diligens
733 1936 1057 1978 navabatur:
1090 1935 1188 1979 Acc.
1224 1950 1257 1978 c.
1288 1936 1360 1978 inf.
1394 1952 1456 1992 p.:
1491 1936 1572 1979 XV
1595 1941 1705 1989 5,19

184 2005 367 2062 diligens
399 2020 528 2061 opera
550 2007 790 2048 navabatur
809 2005 1023 2048 Silvanum
1042 2006 1266 2061 exstingui.
1299 2005 1452 2048 XXIX
1468 2009 1506 2058 5,
1525 2011 1563 2049 2.
1606 2006 1707 2049 Par-

183 2073 314 2116 ticula
343 2072 485 2115 finalis
514 2077 655 2115 exstat
690 2073 874 2121 XV110,
894 2077 944 2115 19
984 2072 1134 2114 XXXI
1153 2077 1191 2124 4,
1210 2076 1234 2114 5
1273 2072 1399 2115 XXX
1416 2077 1455 2123 4,
1480 2078 1513 2114 1.
1573 2074 1705 2116 Item:

183 2177 196 2199 ‚
214 2142 223 2150 '
270 2143 442 2197 pensior
474 2156 606 2199 opera
636 2142 876 2186 navabatur
899 2146 971 2184 ut“
1002 2140 1170 2184 XXVII
1189 2146 1253 2194 10,
1272 2145 1311 2185 3.

325 2223 404 2265 His
433 2225 544 2266 adici
585 2231 764 2279 possunt
792 2224 1030 2278 complures
1061 2223 1133 2265 alii
1164 2223 1266 2276 loci,
1300 2223 1344 2264 in
1375 2223 1527 2276 quibus
1570 2224 1706 2267 infini-

183 2293 296 2337 tivus
327 2292 508 2336 subiecti
537 2293 674 2336 locum
712 2297 830 2336 tenet
872 2297 915 2336 et
959 2292 1254 2349 praedicatum
1297 2292 1568 2335 substantivo
1610 2307 1706 2336 cum

182 2362 313 2406 verbo
337 2362 605 2404 substantivo
636 2364 857 2405 coniuncto
885 2364 1150 2417 exprimitur.

242 2443 348 2486 XVI
367 2447 432 2495 12,
445 2447 519 2485 60:
550 2442 758 2498 flagitium
790 2443 987 2485 arbitrati
1015 2447 1114 2498 post
1138 2457 1282 2498 regem
1308 2442 1461 2486 vivere.
1498 2469 1541 2474 ψ-
1583 2442 1706 2485 XVII

186 2517 322 2564 13,11
355 2513 495 2555 minus
518 2512 708 2555 criminis
724 2511 1013 2555 aestimabant
1029 2513 1179 2556 alienis
1207 2512 1370 2556 viribus
1401 2512 1546 2569 potius
1578 2525 1706 2568 quam

184 2583 472 2628 conscientiae
503 2596 605 2624 suae
634 2582 793 2625 iudicio
825 2581 946 2623 vinci.

240 2655 390 2698 XXIV
415 2659 453 2704 7,
473 2658 494 2694 1
527 2654 633 2695 itum
646 2653 769 2695 estin
784 2652 1045 2694 voluntatem
1064 2651 1342 2705 quorundam,
1372 2652 1537 2694 lacinus
1562 2650 1707 2694 audax

183 2725 228 2768 et
255 2723 547 2779 importunum
576 2733 669 2763 esse
697 2720 961 2763 noscentium
989 2718 1035 2762 id
1064 2718 1255 2774 aggredi.

240 2792 349 2834 XXI
371 2795 505 2837 16,12
550 2789 720 2832 virtutis
762 2794 855 2833 erat
883 2789 1026 2845 potius
1055 2787 1260 2831 iudicium
1289 2802 1493 2843 magnae,
1524 2788 1704 2845 imperio

184 2860 365 2913 eundem
392 2859 689 2908 Constantium
720 2859 811 2903 sine
841 2872 990 2903 cruore
1021 2858 1211 2902 cessisse.
