1901 3153
933 149 958 189 8

180 264 264 321 plis
302 263 645 307 demonstratum
690 264 777 314 est,
822 274 910 305 una
953 259 1080 304 modo
1117 262 1241 317 parte
1285 260 1513 305 tractanda
1541 259 1710 318 planius

182 332 339 389 exponi
368 332 519 389 possit.

809 455 949 504 Pars
983 456 1086 503 III.

370 538 429 581 De
467 552 546 580 usu
576 538 769 592 infinitivi
798 538 909 590 apud
939 537 1196 578 Ammianum
1228 537 1525 579 Marcellinum.

321 628 413 670 Iam
441 641 572 683 supra
602 627 712 669 duae
752 640 820 668 res
852 626 1072 681 expositae
1103 632 1220 677 sunt,
1254 640 1363 681 quae
1391 623 1621 680 praecipue
1666 623 1712 665 in

182 695 398 740 Ammiani
429 696 614 739 dictione
648 695 908 751 spectandae
938 698 1058 748 sunt;
1105 694 1342 739 Graecismi
1380 697 1423 736 et
1454 706 1592 735 sermo
1623 692 1710 748 ple-

183 766 318 811 beius.
381 768 570 819 Quarum
614 768 743 810 etiam
785 766 830 808 in
858 766 1067 808 infinitivo
1104 766 1330 809 tractando
1374 763 1555 807 maxime
1599 762 1711 806 ratio

182 833 386 878 habenda
414 838 490 879 est.
551 834 766 877 Sermonis
793 833 934 889 plebei
961 837 1159 876 auctores
1184 833 1411 889 praecipue
1440 844 1533 873 esse
1566 829 1712 873 Petro-

184 903 318 956 nium,
349 904 607 957 Vitruvium,
654 904 885 959 scriptores
914 902 1134 946 Historiae
1162 903 1379 958 Augustae
1411 898 1711 955 Bernhardyus

183 971 229 1014 in
283 971 464 1015 historia
506 972 748 1015 litterarum
794 970 1009 1023 affirmat3
1071 984 1247 1025 quorum
1294 968 1521 1023 scriptores
1564 966 1618 1010 H.
1663 966 1709 1009 A.

184 1040 368 1082 maxime
396 1040 541 1082 idonei
568 1040 767 1082 videntur
799 1040 871 1094 qui
902 1044 1224 1094 comparentur,
1267 1042 1310 1080 et
1339 1040 1482 1079 aetate
1513 1039 1556 1079 et
1583 1036 1710 1078 rebus

184 1106 394 1150 tractatis.
456 1105 591 1150 Simul
620 1107 758 1163 magis
804 1107 849 1149 in
888 1120 980 1149 rem
1021 1109 1110 1157 est,
1153 1105 1430 1162 posteriorem
1460 1103 1712 1159 scriptorem

186 1173 365 1228 eligere,
411 1174 525 1227 quod
556 1187 605 1216 eo
636 1177 838 1228 apparet,
881 1174 1128 1216 liberiorem
1159 1186 1283 1215 usum
1309 1171 1506 1214 infinitivi
1536 1171 1711 1224 scripto-

186 1254 281 1283 rum
313 1244 548 1297 argenteae
579 1241 736 1285 aetatis
766 1254 851 1284 non
883 1239 956 1284 diu
982 1240 1178 1285 valuisse.
1244 1238 1364 1292 Quod
1402 1238 1437 1282 si
1466 1237 1712 1281 Ammianus

183 1306 383 1350 infinitivi
413 1309 625 1351 liberioris
672 1323 754 1351 usu
784 1309 980 1351 Tacitum
1009 1309 1151 1363 ipsum
1182 1312 1377 1362 superat,
1423 1321 1548 1361 quem
1579 1307 1710 1361 scrip-

184 1377 326 1417 torum
371 1389 527 1432 prosae
572 1377 778 1420 orationis
810 1377 994 1419 maxime
1038 1390 1133 1420 eum
1165 1389 1392 1432 usurpasse
1436 1379 1622 1428 constat,
1666 1377 1713 1420 id

184 1457 271 1487 non
311 1446 447 1488 aetati
494 1447 584 1489 eius
611 1446 906 1498 tribuendum,
953 1446 1033 1489 sed
1087 1460 1110 1488 e
1142 1446 1398 1489 Graecismis
1442 1450 1582 1488 ortum
1621 1461 1713 1491 esse

184 1517 379 1570 apparet.
441 1514 504 1557 De
535 1514 794 1558 Graecismis
828 1515 962 1571 igitur
996 1515 1166 1556 omnino
1197 1513 1480 1557 confitendum
1511 1518 1586 1565 est,
1619 1515 1713 1557 Am-

187 1582 376 1624 mianum
406 1583 616 1627 infinitivo
646 1585 773 1639 plane
803 1584 1062 1628 abhorrente
1097 1599 1124 1627 a
1150 1588 1305 1627 natura
1335 1588 1377 1627 et
1409 1584 1713 1628 consuetudine

186 1651 361 1709 linguae
391 1653 610 1697 Romanae
643 1668 823 1710 perraro
869 1654 944 1704 uti,
992 1653 1068 1696 sed
1109 1653 1351 1708 ubicunque
1395 1655 1507 1696 eium
1536 1653 1712 1696 liberius

184 1721 403 1774 adhibeat,
450 1724 655 1767 nonnulla
685 1724 878 1779 quamvis
926 1738 1065 1779 pauca
1096 1723 1292 1778 exempla
1334 1723 1449 1779 apud
1482 1723 1712 1779 scriptores

184 1789 368 1844 optimos
397 1789 554 1833 latinos
589 1792 783 1833 inveniri.
861 1790 946 1833 Sed
990 1791 1035 1832 in
1067 1790 1285 1833 nonnullis
1315 1791 1443 1833 rebus
1473 1791 1712 1846 apparebit,

185 1857 454 1900 Ammianum
498 1859 544 1901 id
574 1860 687 1913 quod
733 1874 756 1902 e
785 1862 942 1902 natura
971 1859 1146 1914 linguae
1175 1859 1334 1916 latinae
1377 1859 1461 1902 dici
1504 1859 1623 1915 licet,
1669 1859 1714 1901 in

185 1924 445 1969 Graecorum
475 1941 635 1970 morem
668 1928 838 1971 dicendi
866 1932 1071 1971 mutasse.
1133 1926 1267 1969 Simul
1293 1932 1434 1971 autem
1464 1928 1509 1970 id
1535 1942 1621 1970 non
1649 1932 1715 1971 est

184 1995 507 2051 neglegendum,
540 1997 654 2051 quod
684 1997 802 2053 apud
831 1997 1101 2040 Ammianum
1134 2009 1220 2038 non
1249 2000 1390 2039 exstat
1421 2011 1515 2041 cum
1541 1997 1713 2052 linguae

144 2089 150 2095 -
184 2063 345 2106 latinae
372 2064 544 2118 quidem
569 2070 750 2108 naturae
783 2079 858 2108 suo
888 2066 980 2108 iure
1008 2065 1280 2120 respondeat,
1308 2066 1382 2108 sed
1407 2080 1490 2108 non
1514 2065 1713 2110 Graecae.

186 2131 393 2175 Universe
426 2137 570 2176 autem
601 2135 653 2177 de
683 2134 894 2177 infin‘itivo
926 2135 1070 2178 dicere
1102 2134 1277 2189 longum
1305 2138 1390 2186 est3
1431 2136 1576 2190 itaque
1618 2134 1713 2177 infi-

185 2200 363 2243 nitivum
397 2203 735 2259 contemplabor,
786 2207 996 2259 quatenus
1037 2206 1211 2259 praeter
1261 2202 1373 2245 hunc
1423 2205 1551 2246 etiam
1603 2204 1714 2247 aliae

185 2271 524 2315 constructiones
564 2287 616 2316 ex
652 2288 732 2317 usu
761 2274 934 2331 linguae
968 2274 1130 2318 latinae
1167 2275 1244 2317 aut
1274 2272 1487 2316 Ammiani
1517 2273 1714 2329 adhiberi

183 2342 376 2395 possunt.
1545 2354 1549 2359 ·

320 2408 510 2453 Primum
545 2409 678 2465 igitur
708 2410 916 2455 disseram
961 2412 1014 2456 de
1052 2411 1196 2456 verbis
1235 2424 1344 2466 quae
1374 2410 1606 2456 infinitivus
1650 2426 1714 2455 se-

185 2479 340 2533 quitur,
372 2478 529 2521 deinde
559 2478 614 2521 de
644 2479 924 2523 substantivis
956 2496 1050 2524 cum
1082 2481 1223 2524 verbis
1247 2479 1500 2528 coniunctis,
1532 2481 1715 2535 denique

185 2548 239 2591 de
266 2548 489 2592 adiectivis
521 2551 564 2591 et
593 2562 689 2592 cum
720 2548 851 2591 verbo
883 2549 1151 2593 substantivo
1177 2548 1411 2592 coniunctis
1444 2551 1487 2590 et
1520 2548 1715 2592 absolute

183 2617 347 2671 positis.
421 2616 593 2671 Ubique
623 2617 860 2660 infinitivus
891 2617 1067 2660 liberius
1099 2619 1264 2673 positus
1298 2621 1380 2667 est,
1428 2632 1554 2673 quam
1600 2618 1717 2673 apud

184 2686 317 2730 alium
348 2686 611 2743 scriptorem,
657 2691 835 2745 excepto
868 2686 1078 2731 infinitivo
1135 2702 1186 2730 ex
1226 2687 1446 2731 adiectivis
1492 2686 1715 2743 pendente.

182 2756 444 2800 Infinitivum
481 2757 593 2799 enim
634 2772 728 2800 cum
763 2758 974 2801 adiectivo
1014 2757 1104 2800 solo
1135 2757 1381 2800 Ammianus
1410 2771 1587 2812 perraro
1621 2771 1716 2800 con-

182 2825 344 2881 iungit,
384 2826 576 2880 quamvis
605 2826 721 2883 apud
749 2827 935 2871 Graecos
967 2830 1010 2870 et
1041 2829 1192 2881 poetas
1226 2825 1408 2880 Augusti
1435 2827 1591 2869 aetatis
1635 2825 1717 2869 hoc

183 2895 511 2939 usitatissimum
552 2895 619 2941 sit.
