<?xml version="1.0" encoding="UTF-8"?>
<!DOCTYPE html PUBLIC "-//W3C//DTD XHTML 1.0 Transitional//EN"
    "http://www.w3.org/TR/xhtml1/DTD/xhtml1-transitional.dtd">
<html xmlns="http://www.w3.org/1999/xhtml" xml:lang="en" lang="en">
 <head>
  <title>
</title>
<meta http-equiv="Content-Type" content="text/html;charset=utf-8" />
  <meta name='ocr-system' content='tesseract 3.04.00' />
  <meta name='ocr-capabilities' content='ocr_page ocr_carea ocr_par ocr_line ocrx_word'/>
</head>
<body>
  <div class='ocr_page' id='page_1' title='image "./4626094_0034.png"; bbox 0 0 1901 3153; ppageno 0'>
   <div class='ocr_carea' id='block_1_1' title="bbox 942 137 996 176">
    <p class='ocr_par' dir='ltr' id='par_1_1' title="bbox 942 137 996 176">
     <span class='ocr_line' id='line_1_1' title="bbox 942 137 996 176; baseline 0 0"><span class='ocrx_word' id='word_1_1' title='bbox 942 137 996 176; x_wconf 88' lang='grc'>24</span> 
     </span>
    </p>
   </div>
   <div class='ocr_carea' id='block_1_2' title="bbox 197 247 1726 439">
    <p class='ocr_par' dir='ltr' id='par_1_2' title="bbox 197 247 1726 439">
     <span class='ocr_line' id='line_1_2' title="bbox 197 247 1726 303; baseline -0.001 -11"><span class='ocrx_word' id='word_1_2' title='bbox 197 252 291 293; x_wconf 87' lang='lat' dir='ltr'>tur:</span> <span class='ocrx_word' id='word_1_3' title='bbox 336 262 487 292; x_wconf 92' lang='lat' dir='ltr'>vocum</span> <span class='ocrx_word' id='word_1_4' title='bbox 524 248 729 300; x_wconf 89' lang='lat' dir='ltr'>curandi,</span> <span class='ocrx_word' id='word_1_5' title='bbox 776 248 1003 300; x_wconf 88' lang='lat' dir='ltr'>moliendi,</span> <span class='ocrx_word' id='word_1_6' title='bbox 1044 248 1290 301; x_wconf 85' lang='lat' dir='ltr'>adnitendi,</span> <span class='ocrx_word' id='word_1_7' title='bbox 1330 247 1562 292; x_wconf 82' lang='lat' dir='ltr'>festinandi</span> <span class='ocrx_word' id='word_1_8' title='bbox 1599 260 1726 303; x_wconf 81' lang='lat' dir='ltr'>quae-</span> 
     </span>
     <span class='ocr_line' id='line_1_3' title="bbox 199 314 1725 372; baseline -0.001 -13"><span class='ocrx_word' id='word_1_9' title='bbox 199 329 283 372; x_wconf 91' lang='lat' dir='ltr'>que</span> <span class='ocrx_word' id='word_1_10' title='bbox 307 316 439 359; x_wconf 91' lang='lat' dir='ltr'>semel</span> <span class='ocrx_word' id='word_1_11' title='bbox 468 316 571 372; x_wconf 80' lang='lat' dir='ltr'>‚,ut“</span> <span class='ocrx_word' id='word_1_12' title='bbox 600 315 735 371; x_wconf 84' lang='lat' dir='ltr'>regit,</span> <span class='ocrx_word' id='word_1_13' title='bbox 773 314 931 359; x_wconf 89' lang='lat' dir='ltr'>deinde</span> <span class='ocrx_word' id='word_1_14' title='bbox 971 315 1090 372; x_wconf 88' lang='lat' dir='ltr'>apud</span> <span class='ocrx_word' id='word_1_15' title='bbox 1119 329 1265 359; x_wconf 86' lang='lat' dir='ltr'>vocem</span> <span class='ocrx_word' id='word_1_16' title='bbox 1295 315 1473 360; x_wconf 89' lang='lat' dir='ltr'>cavendi</span> <span class='ocrx_word' id='word_1_17' title='bbox 1501 314 1725 371; x_wconf 87' lang='lat' dir='ltr'>compluri-</span> 
     </span>
     <span class='ocr_line' id='line_1_4' title="bbox 197 382 743 439; baseline -0.005 -13"><span class='ocrx_word' id='word_1_18' title='bbox 197 383 278 426; x_wconf 86' lang='lat' dir='ltr'>bus</span> <span class='ocrx_word' id='word_1_19' title='bbox 302 383 407 426; x_wconf 88' lang='lat' dir='ltr'>locis</span> <span class='ocrx_word' id='word_1_20' title='bbox 437 384 545 439; x_wconf 84' lang='lat' dir='ltr'>„ne“</span> <span class='ocrx_word' id='word_1_21' title='bbox 574 382 743 437; x_wconf 88' lang='lat' dir='ltr'>legitur.</span> 
     </span>
    </p>
   </div>
   <div class='ocr_carea' id='block_1_3' title="bbox 697 486 1213 531">
    <p class='ocr_par' dir='ltr' id='par_1_3' title="bbox 697 486 1213 531">
     <span class='ocr_line' id='line_1_5' title="bbox 697 486 1213 531; baseline 0.008 -4"><span class='ocrx_word' id='word_1_22' title='bbox 697 486 775 527; x_wconf 91' lang='lat' dir='ltr'>III.</span> <span class='ocrx_word' id='word_1_23' title='bbox 829 486 958 529; x_wconf 86' lang='lat' dir='ltr'>Verba</span> <span class='ocrx_word' id='word_1_24' title='bbox 990 492 1213 531; x_wconf 82' lang='lat' dir='ltr'>causativa.</span> 
     </span>
    </p>
   </div>
   <div class='ocr_carea' id='block_1_4' title="bbox 197 572 1727 2924">
    <p class='ocr_par' dir='ltr' id='par_1_4' title="bbox 197 572 1727 2294">
     <span class='ocr_line' id='line_1_6' title="bbox 336 572 1727 621; baseline 0.001 -3"><span class='ocrx_word' id='word_1_25' title='bbox 336 573 472 618; x_wconf 89' lang='lat' dir='ltr'><strong>Usum</strong></span> <span class='ocrx_word' id='word_1_26' title='bbox 494 572 706 618; x_wconf 88' lang='lat' dir='ltr'>Ammiani</span> <span class='ocrx_word' id='word_1_27' title='bbox 736 574 963 619; x_wconf 90' lang='lat' dir='ltr'>verborum</span> <span class='ocrx_word' id='word_1_28' title='bbox 976 577 1289 620; x_wconf 79' lang='lat' dir='ltr'>causativorum</span> <span class='ocrx_word' id='word_1_29' title='bbox 1320 576 1453 620; x_wconf 79' lang='lat' dir='ltr'>mult&#39;o</span> <span class='ocrx_word' id='word_1_30' title='bbox 1482 575 1727 621; x_wconf 82' lang='lat' dir='ltr'>liberiorem.</span> 
     </span>
     <span class='ocr_line' id='line_1_7' title="bbox 200 645 1722 703; baseline 0 -14"><span class='ocrx_word' id='word_1_31' title='bbox 200 658 295 689; x_wconf 90' lang='lat' dir='ltr'>esse</span> <span class='ocrx_word' id='word_1_32' title='bbox 313 659 442 700; x_wconf 88' lang='lat' dir='ltr'>quam</span> <span class='ocrx_word' id='word_1_33' title='bbox 471 645 588 700; x_wconf 90' lang='lat' dir='ltr'>apud</span> <span class='ocrx_word' id='word_1_34' title='bbox 609 659 757 690; x_wconf 92' lang='lat' dir='ltr'>omnes</span> <span class='ocrx_word' id='word_1_35' title='bbox 774 646 883 690; x_wconf 90' lang='lat' dir='ltr'>alios</span> <span class='ocrx_word' id='word_1_36' title='bbox 902 647 1153 703; x_wconf 82' lang='lat' dir='ltr'>scriptores,</span> <span class='ocrx_word' id='word_1_37' title='bbox 1184 648 1269 691; x_wconf 87' lang='lat' dir='ltr'>iam</span> <span class='ocrx_word' id='word_1_38' title='bbox 1297 662 1428 703; x_wconf 87' lang='lat' dir='ltr'>supra</span> <span class='ocrx_word' id='word_1_39' title='bbox 1458 648 1616 690; x_wconf 86' lang='lat' dir='ltr'>dictum</span> <span class='ocrx_word' id='word_1_40' title='bbox 1646 649 1722 690; x_wconf 88' lang='lat' dir='ltr'>est.</span> 
     </span>
     <span class='ocr_line' id='line_1_8' title="bbox 198 705 1725 772; baseline 0.001 -15"><span class='ocrx_word' id='word_1_41' title='bbox 198 714 456 770; x_wconf 89' lang='lat' dir='ltr'>Priusquam</span> <span class='ocrx_word' id='word_1_42' title='bbox 483 705 667 759; x_wconf 76' lang='lat' dir='ltr'>ad‘hunc</span> <span class='ocrx_word' id='word_1_43' title='bbox 682 729 805 760; x_wconf 91' lang='lat' dir='ltr'>usum</span> <span class='ocrx_word' id='word_1_44' title='bbox 820 716 1144 772; x_wconf 89' lang='lat' dir='ltr'>proponendum</span> <span class='ocrx_word' id='word_1_45' title='bbox 1157 717 1416 769; x_wconf 85' lang='lat' dir='ltr'>accedimus,</span> <span class='ocrx_word' id='word_1_46' title='bbox 1446 721 1583 761; x_wconf 88' lang='lat' dir='ltr'>restat</span> <span class='ocrx_word' id='word_1_47' title='bbox 1597 730 1725 767; x_wconf 90' lang='lat' dir='ltr'>nunc,</span> 
     </span>
     <span class='ocr_line' id='line_1_9' title="bbox 199 783 1721 842; baseline 0.001 -16"><span class='ocrx_word' id='word_1_48' title='bbox 199 787 249 827; x_wconf 91' lang='lat' dir='ltr'>ut</span> <span class='ocrx_word' id='word_1_49' title='bbox 277 783 424 838; x_wconf 89' lang='lat' dir='ltr'>aliqua</span> <span class='ocrx_word' id='word_1_50' title='bbox 452 783 651 836; x_wconf 86' lang='lat' dir='ltr'>afferam,</span> <span class='ocrx_word' id='word_1_51' title='bbox 710 785 864 840; x_wconf 92' lang='lat' dir='ltr'>quibus</span> <span class='ocrx_word' id='word_1_52' title='bbox 892 790 1123 842; x_wconf 79' lang='lat' dir='ltr'>appareat,</span> <span class='ocrx_word' id='word_1_53' title='bbox 1164 801 1250 842; x_wconf 91' lang='lat' dir='ltr'>qua</span> <span class='ocrx_word' id='word_1_54' title='bbox 1282 787 1449 830; x_wconf 90' lang='lat' dir='ltr'>ratione</span> <span class='ocrx_word' id='word_1_55' title='bbox 1475 787 1721 829; x_wconf 87' lang='lat' dir='ltr'>Ammianus</span> 
     </span>
     <span class='ocr_line' id='line_1_10' title="bbox 199 853 1723 911; baseline -0.001 -14"><span class='ocrx_word' id='word_1_56' title='bbox 199 854 258 898; x_wconf 88' lang='lat' dir='ltr'>ad</span> <span class='ocrx_word' id='word_1_57' title='bbox 287 855 394 898; x_wconf 92' lang='lat' dir='ltr'>alios</span> <span class='ocrx_word' id='word_1_58' title='bbox 422 855 652 911; x_wconf 83' lang='lat' dir='ltr'>scriptores</span> <span class='ocrx_word' id='word_1_59' title='bbox 681 855 763 900; x_wconf 86' lang='lat' dir='ltr'>hac</span> <span class='ocrx_word' id='word_1_60' title='bbox 793 856 838 899; x_wconf 90' lang='lat' dir='ltr'>in</span> <span class='ocrx_word' id='word_1_61' title='bbox 867 870 915 900; x_wconf 91' lang='lat' dir='ltr'>re</span> <span class='ocrx_word' id='word_1_62' title='bbox 941 860 1099 901; x_wconf 92' lang='lat' dir='ltr'>utatur.</span> <span class='ocrx_word' id='word_1_63' title='bbox 1159 857 1355 911; x_wconf 82' lang='lat' dir='ltr'>Liberior</span> <span class='ocrx_word' id='word_1_64' title='bbox 1394 871 1496 901; x_wconf 90' lang='lat' dir='ltr'>usus</span> <span class='ocrx_word' id='word_1_65' title='bbox 1526 853 1723 903; x_wconf 89' lang='lat' dir='ltr'>infinitivi</span> 
     </span>
     <span class='ocr_line' id='line_1_11' title="bbox 200 923 1722 983; baseline -0.002 -15"><span class='ocrx_word' id='word_1_66' title='bbox 200 923 310 976; x_wconf 89' lang='lat' dir='ltr'>haec</span> <span class='ocrx_word' id='word_1_67' title='bbox 339 924 472 968; x_wconf 89' lang='lat' dir='ltr'>verba</span> <span class='ocrx_word' id='word_1_68' title='bbox 513 926 732 981; x_wconf 88' lang='lat' dir='ltr'>sequentis</span> <span class='ocrx_word' id='word_1_69' title='bbox 773 926 819 969; x_wconf 93' lang='lat' dir='ltr'>in</span> <span class='ocrx_word' id='word_1_70' title='bbox 859 926 1007 983; x_wconf 90' lang='lat' dir='ltr'>lingua</span> <span class='ocrx_word' id='word_1_71' title='bbox 1037 927 1174 970; x_wconf 90' lang='lat' dir='ltr'>latina</span> <span class='ocrx_word' id='word_1_72' title='bbox 1213 931 1313 980; x_wconf 84' lang='lat' dir='ltr'>ante</span> <span class='ocrx_word' id='word_1_73' title='bbox 1343 930 1509 982; x_wconf 86' lang='lat' dir='ltr'>tempus</span> <span class='ocrx_word' id='word_1_74' title='bbox 1540 923 1722 980; x_wconf 88' lang='lat' dir='ltr'>Augusti</span> 
     </span>
     <span class='ocr_line' id='line_1_12' title="bbox 199 993 1717 1051; baseline -0.002 -14"><span class='ocrx_word' id='word_1_75' title='bbox 199 994 349 1050; x_wconf 91' lang='lat' dir='ltr'>paucis</span> <span class='ocrx_word' id='word_1_76' title='bbox 378 993 551 1049; x_wconf 91' lang='lat' dir='ltr'>quidem</span> <span class='ocrx_word' id='word_1_77' title='bbox 591 993 695 1037; x_wconf 86' lang='lat' dir='ltr'>locis</span> <span class='ocrx_word' id='word_1_78' title='bbox 736 994 971 1051; x_wconf 83' lang='lat' dir='ltr'>invenitur,</span> <span class='ocrx_word' id='word_1_79' title='bbox 1020 995 1096 1038; x_wconf 92' lang='lat' dir='ltr'>sed</span> <span class='ocrx_word' id='word_1_80' title='bbox 1153 998 1297 1038; x_wconf 90' lang='lat' dir='ltr'>tamen</span> <span class='ocrx_word' id='word_1_81' title='bbox 1341 996 1426 1038; x_wconf 91' lang='lat' dir='ltr'>iam</span> <span class='ocrx_word' id='word_1_82' title='bbox 1483 994 1599 1050; x_wconf 89' lang='lat' dir='ltr'>apud</span> <span class='ocrx_word' id='word_1_83' title='bbox 1645 1006 1717 1035; x_wconf 91' lang='lat' dir='ltr'>an-</span> 
     </span>
     <span class='ocr_line' id='line_1_13' title="bbox 197 1061 1721 1121; baseline -0.002 -15"><span class='ocrx_word' id='word_1_84' title='bbox 197 1062 462 1119; x_wconf 91' lang='lat' dir='ltr'>tiquissimos</span> <span class='ocrx_word' id='word_1_85' title='bbox 491 1063 737 1119; x_wconf 89' lang='lat' dir='ltr'>scriptores.</span> <span class='ocrx_word' id='word_1_86' title='bbox 804 1063 889 1107; x_wconf 88' lang='lat' dir='ltr'>Sed</span> <span class='ocrx_word' id='word_1_87' title='bbox 914 1067 1069 1120; x_wconf 91' lang='lat' dir='ltr'>poetae</span> <span class='ocrx_word' id='word_1_88' title='bbox 1084 1064 1270 1121; x_wconf 85' lang='lat' dir='ltr'>Augusti</span> <span class='ocrx_word' id='word_1_89' title='bbox 1317 1064 1491 1114; x_wconf 86' lang='lat' dir='ltr'>aetatis,</span> <span class='ocrx_word' id='word_1_90' title='bbox 1539 1061 1721 1106; x_wconf 86' lang='lat' dir='ltr'>maxime</span> 
     </span>
     <span class='ocr_line' id='line_1_14' title="bbox 202 1129 1722 1187; baseline -0.002 -12"><span class='ocrx_word' id='word_1_91' title='bbox 202 1132 378 1176; x_wconf 90' lang='lat' dir='ltr'>Graecis</span> <span class='ocrx_word' id='word_1_92' title='bbox 407 1132 645 1183; x_wconf 84' lang='lat' dir='ltr'>imitandis,</span> <span class='ocrx_word' id='word_1_93' title='bbox 675 1132 787 1176; x_wconf 87' lang='lat' dir='ltr'>hanc</span> <span class='ocrx_word' id='word_1_94' title='bbox 815 1133 1165 1176; x_wconf 88' lang='lat' dir='ltr'>consuetudinem</span> <span class='ocrx_word' id='word_1_95' title='bbox 1205 1133 1375 1176; x_wconf 89' lang='lat' dir='ltr'>dicendi</span> <span class='ocrx_word' id='word_1_96' title='bbox 1403 1132 1573 1187; x_wconf 91' lang='lat' dir='ltr'>planius</span> <span class='ocrx_word' id='word_1_97' title='bbox 1600 1129 1722 1173; x_wconf 88' lang='lat' dir='ltr'>adhi-</span> 
     </span>
     <span class='ocr_line' id='line_1_15' title="bbox 201 1200 1723 1260; baseline -0.001 -13"><span class='ocrx_word' id='word_1_98' title='bbox 201 1200 405 1254; x_wconf 90' lang='lat' dir='ltr'>buerunt,</span> <span class='ocrx_word' id='word_1_99' title='bbox 450 1215 536 1258; x_wconf 89' lang='lat' dir='ltr'>qua</span> <span class='ocrx_word' id='word_1_100' title='bbox 574 1203 619 1246; x_wconf 91' lang='lat' dir='ltr'>in</span> <span class='ocrx_word' id='word_1_101' title='bbox 659 1217 708 1247; x_wconf 92' lang='lat' dir='ltr'>re</span> <span class='ocrx_word' id='word_1_102' title='bbox 747 1217 819 1248; x_wconf 90' lang='lat' dir='ltr'>eos</span> <span class='ocrx_word' id='word_1_103' title='bbox 852 1203 1083 1260; x_wconf 87' lang='lat' dir='ltr'>scriptores</span> <span class='ocrx_word' id='word_1_104' title='bbox 1122 1203 1349 1252; x_wconf 88' lang='lat' dir='ltr'>latinitatis</span> <span class='ocrx_word' id='word_1_105' title='bbox 1379 1217 1489 1259; x_wconf 89' lang='lat' dir='ltr'>quae</span> <span class='ocrx_word' id='word_1_106' title='bbox 1518 1204 1723 1259; x_wconf 88' lang='lat' dir='ltr'>argentea</span> 
     </span>
     <span class='ocr_line' id='line_1_16' title="bbox 200 1271 1723 1329; baseline -0.001 -15"><span class='ocrx_word' id='word_1_107' title='bbox 200 1272 459 1328; x_wconf 84' lang='lat' dir='ltr'>nominatur,</span> <span class='ocrx_word' id='word_1_108' title='bbox 488 1273 617 1317; x_wconf 89' lang='lat' dir='ltr'>etiam</span> <span class='ocrx_word' id='word_1_109' title='bbox 647 1273 692 1316; x_wconf 92' lang='lat' dir='ltr'>in</span> <span class='ocrx_word' id='word_1_110' title='bbox 721 1287 852 1329; x_wconf 90' lang='lat' dir='ltr'>prosa</span> <span class='ocrx_word' id='word_1_111' title='bbox 873 1274 1066 1317; x_wconf 89' lang='lat' dir='ltr'>oratione</span> <span class='ocrx_word' id='word_1_112' title='bbox 1097 1275 1232 1317; x_wconf 87' lang='lat' dir='ltr'>secuti</span> <span class='ocrx_word' id='word_1_113' title='bbox 1263 1277 1374 1318; x_wconf 86' lang='lat' dir='ltr'>sunt.</span> <span class='ocrx_word' id='word_1_114' title='bbox 1434 1271 1642 1327; x_wconf 86' lang='lat' dir='ltr'>Exempla</span> <span class='ocrx_word' id='word_1_115' title='bbox 1670 1284 1723 1313; x_wconf 85' lang='lat' dir='ltr'>ex</span> 
     </span>
     <span class='ocr_line' id='line_1_17' title="bbox 200 1334 1720 1398; baseline 0 -15"><span class='ocrx_word' id='word_1_116' title='bbox 200 1339 268 1383; x_wconf 91' lang='lat' dir='ltr'>his</span> <span class='ocrx_word' id='word_1_117' title='bbox 300 1345 344 1383; x_wconf 90' lang='lat' dir='ltr'>et</span> <span class='ocrx_word' id='word_1_118' title='bbox 373 1334 689 1396; x_wconf 87' lang='lat' dir='ltr'>antiquioribus</span> <span class='ocrx_word' id='word_1_119' title='bbox 731 1342 1012 1398; x_wconf 83' lang='lat' dir='ltr'>scriptoribus</span> <span class='ocrx_word' id='word_1_120' title='bbox 1041 1342 1186 1386; x_wconf 85' lang='lat' dir='ltr'>Haase</span> <span class='ocrx_word' id='word_1_121' title='bbox 1218 1342 1276 1386; x_wconf 86' lang='lat' dir='ltr'>ad</span> <span class='ocrx_word' id='word_1_122' title='bbox 1304 1342 1459 1398; x_wconf 85' lang='lat' dir='ltr'>Reisig.</span> <span class='ocrx_word' id='word_1_123' title='bbox 1488 1357 1530 1397; x_wconf 89' lang='lat' dir='ltr'>p.</span> <span class='ocrx_word' id='word_1_124' title='bbox 1547 1344 1630 1384; x_wconf 84' lang='lat'>560</span> <span class='ocrx_word' id='word_1_125' title='bbox 1659 1339 1720 1383; x_wconf 85' lang='lat' dir='ltr'>af·</span> 
     </span>
     <span class='ocr_line' id='line_1_18' title="bbox 202 1408 1722 1465; baseline -0.001 -12"><span class='ocrx_word' id='word_1_126' title='bbox 202 1408 299 1453; x_wconf 84' lang='lat' dir='ltr'>fert.</span> <span class='ocrx_word' id='word_1_127' title='bbox 341 1410 426 1454; x_wconf 85' lang='lat' dir='ltr'>Sed</span> <span class='ocrx_word' id='word_1_128' title='bbox 449 1411 504 1454; x_wconf 92' lang='lat' dir='ltr'>ab</span> <span class='ocrx_word' id='word_1_129' title='bbox 526 1411 739 1454; x_wconf 91' lang='lat' dir='ltr'>Hadriani</span> <span class='ocrx_word' id='word_1_130' title='bbox 769 1415 915 1455; x_wconf 90' lang='lat' dir='ltr'>aetate</span> <span class='ocrx_word' id='word_1_131' title='bbox 943 1412 1026 1455; x_wconf 91' lang='lat' dir='ltr'>hae</span> <span class='ocrx_word' id='word_1_132' title='bbox 1056 1416 1297 1456; x_wconf 76' lang='lat' dir='ltr'>structurae</span> <span class='ocrx_word' id='word_1_133' title='bbox 1327 1412 1461 1456; x_wconf 90' lang='lat' dir='ltr'>libere</span> <span class='ocrx_word' id='word_1_134' title='bbox 1489 1413 1722 1465; x_wconf 87' lang='lat' dir='ltr'>usurpatae</span> 
     </span>
     <span class='ocr_line' id='line_1_19' title="bbox 200 1474 1720 1537; baseline -0.001 -16"><span class='ocrx_word' id='word_1_135' title='bbox 200 1479 291 1522; x_wconf 84' lang='lat' dir='ltr'>fere</span> <span class='ocrx_word' id='word_1_136' title='bbox 320 1493 538 1534; x_wconf 88' lang='lat' dir='ltr'>nunquam</span> <span class='ocrx_word' id='word_1_137' title='bbox 564 1474 593 1523; x_wconf 84' lang='lat' dir='ltr'>a</span> <span class='ocrx_word' id='word_1_138' title='bbox 623 1480 905 1537; x_wconf 88' lang='lat' dir='ltr'>scriptoribus</span> <span class='ocrx_word' id='word_1_139' title='bbox 933 1493 1089 1537; x_wconf 90' lang='lat' dir='ltr'>prosae</span> <span class='ocrx_word' id='word_1_140' title='bbox 1116 1480 1322 1524; x_wconf 90' lang='lat' dir='ltr'>orationis</span> <span class='ocrx_word' id='word_1_141' title='bbox 1352 1476 1572 1523; x_wconf 86' lang='lat' dir='ltr'>adhibitae</span> <span class='ocrx_word' id='word_1_142' title='bbox 1609 1481 1720 1521; x_wconf 89' lang='lat' dir='ltr'>sunt.</span> 
     </span>
     <span class='ocr_line' id='line_1_20' title="bbox 202 1546 1721 1603; baseline 0.001 -15"><span class='ocrx_word' id='word_1_143' title='bbox 202 1546 273 1589; x_wconf 81' lang='lat' dir='ltr'>Sic</span> <span class='ocrx_word' id='word_1_144' title='bbox 302 1547 419 1601; x_wconf 90' lang='lat' dir='ltr'>apud</span> <span class='ocrx_word' id='word_1_145' title='bbox 448 1547 727 1603; x_wconf 82' lang='lat' dir='ltr'>Frontonem,</span> <span class='ocrx_word' id='word_1_146' title='bbox 766 1549 839 1602; x_wconf 91' lang='lat' dir='ltr'>qui</span> <span class='ocrx_word' id='word_1_147' title='bbox 878 1552 927 1590; x_wconf 92' lang='lat' dir='ltr'>ut</span> <span class='ocrx_word' id='word_1_148' title='bbox 962 1549 1282 1603; x_wconf 88' lang='lat' dir='ltr'>antiquissimos</span> <span class='ocrx_word' id='word_1_149' title='bbox 1323 1548 1552 1602; x_wconf 91' lang='lat' dir='ltr'>scriptores</span> <span class='ocrx_word' id='word_1_150' title='bbox 1580 1546 1721 1589; x_wconf 81' lang='lat' dir='ltr'>imita·</span> 
     </span>
     <span class='ocr_line' id='line_1_21' title="bbox 200 1615 1721 1672; baseline 0 -14"><span class='ocrx_word' id='word_1_151' title='bbox 200 1619 321 1658; x_wconf 86' lang='lat' dir='ltr'>retur</span> <span class='ocrx_word' id='word_1_152' title='bbox 357 1629 564 1659; x_wconf 90' lang='lat' dir='ltr'>summam</span> <span class='ocrx_word' id='word_1_153' title='bbox 604 1631 779 1672; x_wconf 87' lang='lat' dir='ltr'>operam</span> <span class='ocrx_word' id='word_1_154' title='bbox 816 1615 969 1668; x_wconf 89' lang='lat' dir='ltr'>dabat,</span> <span class='ocrx_word' id='word_1_155' title='bbox 1019 1616 1109 1660; x_wconf 85' lang='lat' dir='ltr'>fere</span> <span class='ocrx_word' id='word_1_156' title='bbox 1145 1616 1253 1659; x_wconf 91' lang='lat' dir='ltr'>nihil</span> <span class='ocrx_word' id='word_1_157' title='bbox 1286 1615 1530 1659; x_wconf 91' lang='lat' dir='ltr'>huiusmodi</span> <span class='ocrx_word' id='word_1_158' title='bbox 1568 1618 1721 1659; x_wconf 85' lang='lat' dir='ltr'>exstat.</span> 
     </span>
     <span class='ocr_line' id='line_1_22' title="bbox 200 1681 1727 1744; baseline 0 -17"><span class='ocrx_word' id='word_1_159' title='bbox 200 1681 344 1727; x_wconf 89' lang='lat' dir='ltr'>Verba</span> <span class='ocrx_word' id='word_1_160' title='bbox 391 1686 678 1742; x_wconf 79' lang='lat' dir='ltr'>„postulare,“</span> <span class='ocrx_word' id='word_1_161' title='bbox 729 1687 973 1742; x_wconf 79' lang='lat' dir='ltr'>„poscere,“</span> <span class='ocrx_word' id='word_1_162' title='bbox 1026 1685 1290 1744; x_wconf 76' lang='lat' dir='ltr'>,‚flagitare,“</span> <span class='ocrx_word' id='word_1_163' title='bbox 1333 1689 1531 1743; x_wconf 86' lang='lat' dir='ltr'>„optare“</span> <span class='ocrx_word' id='word_1_164' title='bbox 1573 1684 1727 1741; x_wconf 81' lang='lat' dir='ltr'>paucis</span> 
     </span>
     <span class='ocr_line' id='line_1_23' title="bbox 199 1754 1721 1809; baseline 0 -12"><span class='ocrx_word' id='word_1_165' title='bbox 199 1754 305 1798; x_wconf 92' lang='lat' dir='ltr'>locis</span> <span class='ocrx_word' id='word_1_166' title='bbox 334 1755 451 1809; x_wconf 89' lang='lat' dir='ltr'>apud</span> <span class='ocrx_word' id='word_1_167' title='bbox 481 1769 576 1798; x_wconf 92' lang='lat' dir='ltr'>eum</span> <span class='ocrx_word' id='word_1_168' title='bbox 603 1756 813 1799; x_wconf 91' lang='lat' dir='ltr'>infinitivo</span> <span class='ocrx_word' id='word_1_169' title='bbox 845 1760 1092 1800; x_wconf 89' lang='lat' dir='ltr'>constructa</span> <span class='ocrx_word' id='word_1_170' title='bbox 1124 1760 1316 1806; x_wconf 86' lang='lat' dir='ltr'>exstant:</span> <span class='ocrx_word' id='word_1_171' title='bbox 1357 1757 1476 1805; x_wconf 87' lang='lat' dir='ltr'>cuius</span> <span class='ocrx_word' id='word_1_172' title='bbox 1508 1758 1721 1799; x_wconf 83' lang='lat' dir='ltr'>construc-</span> 
     </span>
     <span class='ocr_line' id='line_1_24' title="bbox 200 1823 1716 1881; baseline 0 -16"><span class='ocrx_word' id='word_1_173' title='bbox 200 1823 331 1866; x_wconf 92' lang='lat' dir='ltr'>tionis</span> <span class='ocrx_word' id='word_1_174' title='bbox 357 1823 551 1878; x_wconf 84' lang='lat' dir='ltr'>exempla</span> <span class='ocrx_word' id='word_1_175' title='bbox 573 1824 660 1867; x_wconf 92' lang='lat' dir='ltr'>iam</span> <span class='ocrx_word' id='word_1_176' title='bbox 678 1825 965 1879; x_wconf 89' lang='lat' dir='ltr'>antiquissimi</span> <span class='ocrx_word' id='word_1_177' title='bbox 981 1826 1211 1881; x_wconf 88' lang='lat' dir='ltr'>scriptores</span> <span class='ocrx_word' id='word_1_178' title='bbox 1229 1825 1459 1879; x_wconf 86' lang='lat' dir='ltr'>praebent:</span> <span class='ocrx_word' id='word_1_179' title='bbox 1475 1823 1716 1867; x_wconf 91' lang='lat' dir='ltr'>Postulo:</span> 
     </span>
     <span class='ocr_line' id='line_1_25' title="bbox 202 1892 1722 1950; baseline -0.001 -14"><span class='ocrx_word' id='word_1_180' title='bbox 202 1906 269 1949; x_wconf 88' lang='lat' dir='ltr'>ep.</span> <span class='ocrx_word' id='word_1_181' title='bbox 299 1893 356 1936; x_wconf 86' lang='lat' dir='ltr'>ad</span> <span class='ocrx_word' id='word_1_182' title='bbox 385 1893 483 1936; x_wconf 89' lang='lat' dir='ltr'>Ant.</span> <span class='ocrx_word' id='word_1_183' title='bbox 513 1892 576 1939; x_wconf 90' lang='lat' dir='ltr'>Pi.</span> <span class='ocrx_word' id='word_1_184' title='bbox 590 1897 629 1945; x_wconf 88' lang='lat'>3,</span> <span class='ocrx_word' id='word_1_185' title='bbox 657 1894 714 1937; x_wconf 88' lang='lat' dir='ltr'>ad</span> <span class='ocrx_word' id='word_1_186' title='bbox 738 1895 836 1938; x_wconf 88' lang='lat' dir='ltr'>Ant.</span> <span class='ocrx_word' id='word_1_187' title='bbox 850 1895 956 1950; x_wconf 88' lang='lat' dir='ltr'>Aug.</span> <span class='ocrx_word' id='word_1_188' title='bbox 980 1900 1017 1946; x_wconf 89' lang='lat'>1,</span> <span class='ocrx_word' id='word_1_189' title='bbox 1048 1894 1102 1937; x_wconf 92' lang='lat' dir='ltr'>de</span> <span class='ocrx_word' id='word_1_190' title='bbox 1130 1895 1205 1937; x_wconf 89' lang='lat' dir='ltr'>fer.</span> <span class='ocrx_word' id='word_1_191' title='bbox 1237 1894 1317 1937; x_wconf 92' lang='lat' dir='ltr'>Ali.</span> <span class='ocrx_word' id='word_1_192' title='bbox 1339 1898 1392 1936; x_wconf 86' lang='lat'>23</span> <span class='ocrx_word' id='word_1_193' title='bbox 1423 1894 1481 1937; x_wconf 90' lang='lat' dir='ltr'>ad</span> <span class='ocrx_word' id='word_1_194' title='bbox 1509 1893 1668 1936; x_wconf 89' lang='lat' dir='ltr'>amicos</span> <span class='ocrx_word' id='word_1_195' title='bbox 1687 1893 1722 1943; x_wconf 92' lang='lat' dir='ltr'>I,</span> 
     </span>
     <span class='ocr_line' id='line_1_26' title="bbox 204 1959 1721 2019; baseline 0 -17"><span class='ocrx_word' id='word_1_196' title='bbox 204 1965 283 2014; x_wconf 93' lang='lat'>11;</span> <span class='ocrx_word' id='word_1_197' title='bbox 314 1959 367 2013; x_wconf 88' lang='lat' dir='ltr'>H,</span> <span class='ocrx_word' id='word_1_198' title='bbox 386 1965 450 2004; x_wconf 91' lang='lat'>11.</span> <span class='ocrx_word' id='word_1_199' title='bbox 481 1975 645 2016; x_wconf 91' lang='lat' dir='ltr'>posco</span> <span class='ocrx_word' id='word_1_200' title='bbox 679 1962 731 2005; x_wconf 92' lang='lat' dir='ltr'>de</span> <span class='ocrx_word' id='word_1_201' title='bbox 758 1962 874 2006; x_wconf 93' lang='lat' dir='ltr'>laud.</span> <span class='ocrx_word' id='word_1_202' title='bbox 902 1962 1003 2005; x_wconf 85' lang='lat' dir='ltr'>sum.</span> <span class='ocrx_word' id='word_1_203' title='bbox 1027 1967 1064 2005; x_wconf 86' lang='lat'>2.</span> <span class='ocrx_word' id='word_1_204' title='bbox 1086 1962 1289 2019; x_wconf 86' lang='lat' dir='ltr'>flagito</span> <span class='ocrx_word' id='word_1_205' title='bbox 1320 1976 1386 2018; x_wconf 89' lang='lat' dir='ltr'>ep.</span> <span class='ocrx_word' id='word_1_206' title='bbox 1416 1961 1473 2005; x_wconf 90' lang='lat' dir='ltr'>ad</span> <span class='ocrx_word' id='word_1_207' title='bbox 1498 1961 1555 2005; x_wconf 91' lang='lat' dir='ltr'>M.</span> <span class='ocrx_word' id='word_1_208' title='bbox 1578 1960 1721 2008; x_wconf 89' lang='lat' dir='ltr'>Aurel.</span> 
     </span>
     <span class='ocr_line' id='line_1_27' title="bbox 200 2029 1721 2087; baseline -0.001 -14"><span class='ocrx_word' id='word_1_209' title='bbox 200 2030 293 2084; x_wconf 84' lang='lat'>1,9;</span> <span class='ocrx_word' id='word_1_210' title='bbox 324 2035 452 2086; x_wconf 89' lang='lat' dir='ltr'>opto</span> <span class='ocrx_word' id='word_1_211' title='bbox 482 2031 540 2073; x_wconf 90' lang='lat' dir='ltr'>ad</span> <span class='ocrx_word' id='word_1_212' title='bbox 569 2032 665 2074; x_wconf 90' lang='lat' dir='ltr'>Ant.</span> <span class='ocrx_word' id='word_1_213' title='bbox 702 2031 763 2075; x_wconf 93' lang='lat' dir='ltr'>Pi.</span> <span class='ocrx_word' id='word_1_214' title='bbox 784 2037 807 2074; x_wconf 90' lang='lat'>9</span> <span class='ocrx_word' id='word_1_215' title='bbox 842 2032 899 2075; x_wconf 90' lang='lat' dir='ltr'>ad</span> <span class='ocrx_word' id='word_1_216' title='bbox 927 2033 1050 2075; x_wconf 87' lang='lat' dir='ltr'>amic.</span> <span class='ocrx_word' id='word_1_217' title='bbox 1068 2036 1172 2083; x_wconf 86' lang='lat'><strong>1,3;</strong></span> <span class='ocrx_word' id='word_1_218' title='bbox 1203 2031 1449 2087; x_wconf 91' lang='lat' dir='ltr'>optabile</span> <span class='ocrx_word' id='word_1_219' title='bbox 1478 2033 1546 2073; x_wconf 88' lang='lat' dir='ltr'>est</span> <span class='ocrx_word' id='word_1_220' title='bbox 1579 2030 1635 2073; x_wconf 88' lang='lat' dir='ltr'>ad</span> <span class='ocrx_word' id='word_1_221' title='bbox 1664 2029 1721 2072; x_wconf 91' lang='lat' dir='ltr'>M.</span> 
     </span>
     <span class='ocr_line' id='line_1_28' title="bbox 202 2097 1719 2159; baseline 0.002 -18"><span class='ocrx_word' id='word_1_222' title='bbox 202 2097 345 2143; x_wconf 90' lang='lat' dir='ltr'>Aurel.</span> <span class='ocrx_word' id='word_1_223' title='bbox 370 2100 423 2155; x_wconf 85' lang='grc' dir='ltr'>ΙΙ,</span> <span class='ocrx_word' id='word_1_224' title='bbox 440 2106 477 2143; x_wconf 93' lang='grc'>1.</span> <span class='ocrx_word' id='word_1_225' title='bbox 536 2101 768 2146; x_wconf 89' lang='lat' dir='ltr'>Praeterea</span> <span class='ocrx_word' id='word_1_226' title='bbox 797 2102 929 2159; x_wconf 85' lang='lat' dir='ltr'>digna</span> <span class='ocrx_word' id='word_1_227' title='bbox 958 2103 1099 2146; x_wconf 87' lang='lat' dir='ltr'>relatu</span> <span class='ocrx_word' id='word_1_228' title='bbox 1132 2106 1232 2145; x_wconf 89' lang='lat' dir='ltr'>sunt</span> <span class='ocrx_word' id='word_1_229' title='bbox 1261 2102 1388 2146; x_wconf 91' lang='lat' dir='ltr'>haec:</span> <span class='ocrx_word' id='word_1_230' title='bbox 1430 2101 1606 2145; x_wconf 87' lang='lat' dir='ltr'>verbum</span> <span class='ocrx_word' id='word_1_231' title='bbox 1631 2101 1719 2144; x_wconf 92' lang='lat' dir='ltr'>im-</span> 
     </span>
     <span class='ocr_line' id='line_1_29' title="bbox 203 2171 1722 2225; baseline 0.003 -14"><span class='ocrx_word' id='word_1_232' title='bbox 203 2171 460 2225; x_wconf 89' lang='lat' dir='ltr'>petrandi</span> <span class='ocrx_word' id='word_1_233' title='bbox 487 2186 583 2215; x_wconf 86' lang='lat' dir='ltr'>eum</span> <span class='ocrx_word' id='word_1_234' title='bbox 620 2171 830 2215; x_wconf 90' lang='lat' dir='ltr'>infinitivo</span> <span class='ocrx_word' id='word_1_235' title='bbox 859 2173 1128 2216; x_wconf 86' lang='lat' dir='ltr'>coniunctum</span> <span class='ocrx_word' id='word_1_236' title='bbox 1155 2172 1254 2214; x_wconf 93' lang='lat' dir='ltr'>Ant.</span> <span class='ocrx_word' id='word_1_237' title='bbox 1286 2172 1414 2225; x_wconf 85' lang='lat' dir='ltr'>Pi.9;</span> <span class='ocrx_word' id='word_1_238' title='bbox 1458 2173 1560 2216; x_wconf 90' lang='lat' dir='ltr'>item</span> <span class='ocrx_word' id='word_1_239' title='bbox 1602 2173 1722 2225; x_wconf 81' lang='lat' dir='ltr'>„im-</span> 
     </span>
     <span class='ocr_line' id='line_1_30' title="bbox 203 2239 1542 2294; baseline 0.001 -12"><span class='ocrx_word' id='word_1_240' title='bbox 203 2252 424 2294; x_wconf 89' lang='lat' dir='ltr'>perare:</span> <span class='ocrx_word' id='word_1_241' title='bbox 457 2239 510 2282; x_wconf 91' lang='lat' dir='ltr'>do</span> <span class='ocrx_word' id='word_1_242' title='bbox 539 2241 652 2284; x_wconf 91' lang='lat' dir='ltr'>bello</span> <span class='ocrx_word' id='word_1_243' title='bbox 684 2241 830 2284; x_wconf 89' lang='lat' dir='ltr'>Parth.</span> <span class='ocrx_word' id='word_1_244' title='bbox 862 2247 928 2285; x_wconf 87' lang='lat'>16.</span> <span class='ocrx_word' id='word_1_245' title='bbox 960 2241 1190 2284; x_wconf 89' lang='lat' dir='ltr'>suadere</span> <span class='ocrx_word' id='word_1_246' title='bbox 1219 2241 1288 2284; x_wconf 86' lang='lat' dir='ltr'>ad.</span> <span class='ocrx_word' id='word_1_247' title='bbox 1318 2255 1399 2284; x_wconf 91' lang='lat' dir='ltr'>am.</span> <span class='ocrx_word' id='word_1_248' title='bbox 1430 2241 1485 2292; x_wconf 88' lang='lat'>11,</span> <span class='ocrx_word' id='word_1_249' title='bbox 1505 2246 1542 2284; x_wconf 87' lang='lat'>6.</span> 
     </span>
    </p>

    <p class='ocr_par' dir='ltr' id='par_1_5' title="bbox 203 2308 1726 2924">
     <span class='ocr_line' id='line_1_31' title="bbox 340 2308 1722 2368; baseline 0.001 -17"><span class='ocrx_word' id='word_1_250' title='bbox 340 2308 579 2364; x_wconf 88' lang='lat' dir='ltr'>Praecipue</span> <span class='ocrx_word' id='word_1_251' title='bbox 607 2314 749 2354; x_wconf 91' lang='lat' dir='ltr'>autem</span> <span class='ocrx_word' id='word_1_252' title='bbox 775 2325 827 2355; x_wconf 88' lang='lat' dir='ltr'>ex</span> <span class='ocrx_word' id='word_1_253' title='bbox 857 2310 1137 2368; x_wconf 88' lang='lat' dir='ltr'>scriptoribus</span> <span class='ocrx_word' id='word_1_254' title='bbox 1165 2309 1381 2354; x_wconf 89' lang='lat' dir='ltr'>Historiae</span> <span class='ocrx_word' id='word_1_255' title='bbox 1397 2311 1615 2367; x_wconf 86' lang='lat' dir='ltr'>Augustae</span> <span class='ocrx_word' id='word_1_256' title='bbox 1648 2323 1722 2366; x_wconf 89' lang='lat' dir='ltr'>ap-</span> 
     </span>
     <span class='ocr_line' id='line_1_32' title="bbox 203 2380 1724 2437; baseline -0.002 -14"><span class='ocrx_word' id='word_1_257' title='bbox 203 2384 340 2435; x_wconf 84' lang='lat' dir='ltr'>paret,</span> <span class='ocrx_word' id='word_1_258' title='bbox 369 2380 484 2423; x_wconf 87' lang='lat' dir='ltr'>hunc</span> <span class='ocrx_word' id='word_1_259' title='bbox 511 2394 635 2422; x_wconf 92' lang='lat' dir='ltr'>usum</span> <span class='ocrx_word' id='word_1_260' title='bbox 666 2381 710 2422; x_wconf 89' lang='lat' dir='ltr'>in</span> <span class='ocrx_word' id='word_1_261' title='bbox 739 2395 975 2424; x_wconf 91' lang='lat' dir='ltr'>sermonem</span> <span class='ocrx_word' id='word_1_262' title='bbox 1009 2381 1223 2437; x_wconf 89' lang='lat' dir='ltr'>plebeium</span> <span class='ocrx_word' id='word_1_263' title='bbox 1243 2381 1311 2423; x_wconf 89' lang='lat' dir='ltr'>vel</span> <span class='ocrx_word' id='word_1_264' title='bbox 1349 2380 1610 2424; x_wconf 88' lang='lat' dir='ltr'>cotidianum</span> <span class='ocrx_word' id='word_1_265' title='bbox 1638 2393 1724 2420; x_wconf 91' lang='lat' dir='ltr'>non</span> 
     </span>
     <span class='ocr_line' id='line_1_33' title="bbox 203 2449 1724 2506; baseline -0.001 -15"><span class='ocrx_word' id='word_1_266' title='bbox 203 2449 422 2492; x_wconf 86' lang='lat' dir='ltr'>transisse.</span> <span class='ocrx_word' id='word_1_267' title='bbox 485 2449 596 2493; x_wconf 90' lang='lat' dir='ltr'>Nam</span> <span class='ocrx_word' id='word_1_268' title='bbox 638 2451 675 2492; x_wconf 91' lang='lat' dir='ltr'>si</span> <span class='ocrx_word' id='word_1_269' title='bbox 716 2450 819 2504; x_wconf 90' lang='lat' dir='ltr'>quid</span> <span class='ocrx_word' id='word_1_270' title='bbox 850 2451 985 2494; x_wconf 88' lang='lat' dir='ltr'>simile</span> <span class='ocrx_word' id='word_1_271' title='bbox 1015 2451 1131 2506; x_wconf 91' lang='lat' dir='ltr'>apud</span> <span class='ocrx_word' id='word_1_272' title='bbox 1165 2450 1242 2493; x_wconf 92' lang='lat' dir='ltr'>hos</span> <span class='ocrx_word' id='word_1_273' title='bbox 1272 2450 1446 2506; x_wconf 87' lang='lat' dir='ltr'>legitur,</span> <span class='ocrx_word' id='word_1_274' title='bbox 1487 2449 1624 2504; x_wconf 87' lang='lat' dir='ltr'>magis</span> <span class='ocrx_word' id='word_1_275' title='bbox 1653 2461 1724 2490; x_wconf 87' lang='lat' dir='ltr'>ne·</span> 
     </span>
     <span class='ocr_line' id='line_1_34' title="bbox 204 2518 1724 2575; baseline -0.001 -14"><span class='ocrx_word' id='word_1_276' title='bbox 204 2518 447 2575; x_wconf 86' lang='lat' dir='ltr'>glegentiae</span> <span class='ocrx_word' id='word_1_277' title='bbox 492 2518 664 2562; x_wconf 88' lang='lat' dir='ltr'>dicendi</span> <span class='ocrx_word' id='word_1_278' title='bbox 711 2518 983 2561; x_wconf 88' lang='lat' dir='ltr'>tribuendum</span> <span class='ocrx_word' id='word_1_279' title='bbox 1032 2523 1109 2562; x_wconf 88' lang='lat' dir='ltr'>est.</span> <span class='ocrx_word' id='word_1_280' title='bbox 1169 2518 1373 2561; x_wconf 92' lang='lat' dir='ltr'>Infinitivi</span> <span class='ocrx_word' id='word_1_281' title='bbox 1420 2518 1494 2573; x_wconf 90' lang='lat' dir='ltr'>qui</span> <span class='ocrx_word' id='word_1_282' title='bbox 1540 2521 1724 2574; x_wconf 82' lang='lat' dir='ltr'>exstant,</span> 
     </span>
     <span class='ocr_line' id='line_1_35' title="bbox 205 2588 1723 2644; baseline 0.001 -13"><span class='ocrx_word' id='word_1_283' title='bbox 205 2602 367 2643; x_wconf 88' lang='lat' dir='ltr'>magna</span> <span class='ocrx_word' id='word_1_284' title='bbox 398 2603 449 2631; x_wconf 87' lang='lat' dir='ltr'>ex</span> <span class='ocrx_word' id='word_1_285' title='bbox 477 2592 603 2644; x_wconf 89' lang='lat' dir='ltr'>parte</span> <span class='ocrx_word' id='word_1_286' title='bbox 624 2588 756 2632; x_wconf 89' lang='lat' dir='ltr'>verba</span> <span class='ocrx_word' id='word_1_287' title='bbox 775 2602 884 2644; x_wconf 88' lang='lat' dir='ltr'>quae</span> <span class='ocrx_word' id='word_1_288' title='bbox 899 2589 1125 2632; x_wconf 86' lang='lat' dir='ltr'>auxiliaria</span> <span class='ocrx_word' id='word_1_289' title='bbox 1154 2589 1479 2638; x_wconf 90' lang='lat' dir='ltr'>nominavimus,</span> <span class='ocrx_word' id='word_1_290' title='bbox 1510 2592 1723 2632; x_wconf 86' lang='lat' dir='ltr'>secuntur.</span> 
     </span>
     <span class='ocr_line' id='line_1_36' title="bbox 204 2656 1725 2713; baseline -0.001 -12"><span class='ocrx_word' id='word_1_291' title='bbox 204 2658 445 2702; x_wconf 86' lang='lat' dir='ltr'>Verborum</span> <span class='ocrx_word' id='word_1_292' title='bbox 477 2659 791 2702; x_wconf 89' lang='lat' dir='ltr'>causativorum</span> <span class='ocrx_word' id='word_1_293' title='bbox 812 2657 893 2701; x_wconf 92' lang='lat' dir='ltr'>hoc</span> <span class='ocrx_word' id='word_1_294' title='bbox 908 2657 1033 2700; x_wconf 89' lang='lat' dir='ltr'>modo</span> <span class='ocrx_word' id='word_1_295' title='bbox 1055 2661 1392 2700; x_wconf 85' lang='lat' dir='ltr'>constructorum</span> <span class='ocrx_word' id='word_1_296' title='bbox 1407 2656 1514 2700; x_wconf 89' lang='lat' dir='ltr'>haec</span> <span class='ocrx_word' id='word_1_297' title='bbox 1530 2657 1725 2713; x_wconf 86' lang='lat' dir='ltr'>exempla</span> 
     </span>
     <span class='ocr_line' id='line_1_37' title="bbox 203 2726 1725 2785; baseline -0.002 -12"><span class='ocrx_word' id='word_1_298' title='bbox 203 2729 365 2785; x_wconf 86' lang='lat' dir='ltr'>reperi:</span> <span class='ocrx_word' id='word_1_299' title='bbox 380 2728 573 2772; x_wconf 87' lang='lat' dir='ltr'>Postulo:</span> <span class='ocrx_word' id='word_1_300' title='bbox 588 2729 733 2773; x_wconf 84' lang='lat' dir='ltr'>Claud.</span> <span class='ocrx_word' id='word_1_301' title='bbox 745 2733 796 2771; x_wconf 89' lang='lat'>11</span> <span class='ocrx_word' id='word_1_302' title='bbox 809 2744 818 2781; x_wconf 92' lang='lat'>;</span> <span class='ocrx_word' id='word_1_303' title='bbox 836 2728 1028 2784; x_wconf 87' lang='lat' dir='ltr'>impello:</span> <span class='ocrx_word' id='word_1_304' title='bbox 1044 2726 1259 2770; x_wconf 86' lang='lat' dir='ltr'>Commod.</span> <span class='ocrx_word' id='word_1_305' title='bbox 1270 2732 1310 2770; x_wconf 90' lang='lat'>4.</span> <span class='ocrx_word' id='word_1_306' title='bbox 1330 2727 1474 2770; x_wconf 91' lang='lat' dir='ltr'>Verba</span> <span class='ocrx_word' id='word_1_307' title='bbox 1485 2727 1725 2783; x_wconf 87' lang='lat' dir='ltr'>imperandi</span> 
     </span>
     <span class='ocr_line' id='line_1_38' title="bbox 207 2795 1724 2853; baseline -0.001 -12"><span class='ocrx_word' id='word_1_308' title='bbox 207 2812 376 2853; x_wconf 89' lang='lat' dir='ltr'>semper</span> <span class='ocrx_word' id='word_1_309' title='bbox 390 2798 622 2853; x_wconf 87' lang='lat' dir='ltr'>particulas</span> <span class='ocrx_word' id='word_1_310' title='bbox 648 2799 749 2850; x_wconf 78' lang='lat' dir='ltr'>„ut“</span> <span class='ocrx_word' id='word_1_311' title='bbox 778 2797 845 2840; x_wconf 92' lang='lat' dir='ltr'>vel</span> <span class='ocrx_word' id='word_1_312' title='bbox 872 2802 977 2847; x_wconf 88' lang='lat' dir='ltr'>„ne“</span> <span class='ocrx_word' id='word_1_313' title='bbox 1009 2796 1092 2839; x_wconf 88' lang='lat' dir='ltr'>sibi</span> <span class='ocrx_word' id='word_1_314' title='bbox 1111 2795 1325 2838; x_wconf 86' lang='lat' dir='ltr'>asciscunt</span> <span class='ocrx_word' id='word_1_315' title='bbox 1344 2795 1532 2850; x_wconf 86' lang='lat' dir='ltr'>exceptis</span> <span class='ocrx_word' id='word_1_316' title='bbox 1551 2796 1724 2839; x_wconf 89' lang='lat' dir='ltr'>vocibus</span> 
     </span>
     <span class='ocr_line' id='line_1_39' title="bbox 205 2864 1726 2924; baseline -0.001 -12"><span class='ocrx_word' id='word_1_317' title='bbox 205 2867 384 2913; x_wconf 88' lang='lat' dir='ltr'>iubendi</span> <span class='ocrx_word' id='word_1_318' title='bbox 409 2871 453 2911; x_wconf 91' lang='lat' dir='ltr'>et</span> <span class='ocrx_word' id='word_1_319' title='bbox 481 2868 785 2924; x_wconf 88' lang='lat' dir='ltr'>praecipiendi.</span> <span class='ocrx_word' id='word_1_320' title='bbox 831 2865 1018 2910; x_wconf 91' lang='lat' dir='ltr'>Verbum</span> <span class='ocrx_word' id='word_1_321' title='bbox 1038 2864 1344 2921; x_wconf 83' lang='lat' dir='ltr'>praecipiendi,</span> <span class='ocrx_word' id='word_1_322' title='bbox 1374 2877 1467 2906; x_wconf 88' lang='lat' dir='ltr'>eum</span> <span class='ocrx_word' id='word_1_323' title='bbox 1482 2864 1570 2908; x_wconf 86' lang='lat' dir='ltr'>iam</span> <span class='ocrx_word' id='word_1_324' title='bbox 1583 2866 1726 2921; x_wconf 87' lang='lat' dir='ltr'>priore</span> 
     </span>
    </p>
   </div>
  </div>
 </body>
</html>
