1901 3153
861 184 915 224 25

125 302 315 353 tempore
342 295 528 338 omnium
561 296 784 339 verborum
811 298 896 341 vim
911 297 1162 354 ‘imperandi
1187 296 1437 342 habentium
1460 299 1642 343 maxime

121 365 377 410 infinitivum
407 364 490 408 sibi
522 366 728 417 asciscat,
756 371 845 410 tam
861 380 990 423 saepe
1018 367 1133 422 apud
1165 368 1394 423 scriptores
1408 367 1461 411 Η.
1471 368 1520 411 A.
1547 382 1642 411 cum

121 433 332 476 infinitivo
363 433 636 488 coniungitur
664 437 712 476 ut
736 434 964 489 multorum
992 435 1192 487 locorum,
1221 435 1374 490 quibus
1405 438 1546 479 exstat
1576 448 1641 479 so-

121 503 208 547 lum
238 503 282 546 in
311 501 449 546 tribus
480 501 661 559 (Heliog.
677 507 745 560 28,
775 503 901 547 Firm.
923 508 959 557 7,
989 504 1118 549 Albin
1143 509 1185 552 8)
1214 509 1314 560 ‚,ut“
1343 504 1409 548 vel
1441 511 1546 556 ‚‚ne“
1577 519 1640 549 se-

122 574 290 627 quatur.
353 569 537 613 Verbum
565 572 862 627 permittendi,
900 576 948 615 ut
980 572 1096 627 apud
1126 573 1235 615 alios
1261 574 1511 628 scriptores,
1551 574 1640 616 fere

120 639 284 695 pariter
330 641 512 696 utroque
556 640 705 698 modo,
744 639 953 686 infinitivo
997 645 1073 686 aut
1121 642 1334 699 particula
1376 642 1495 687 finali
1541 657 1638 687 con-

120 709 310 752 struitur.

260 777 492 822 Praeterea
534 779 765 836 praecipue
811 780 990 824 duorum
1033 781 1257 825 verborum
1302 796 1404 825 usus
1446 782 1501 826 ab
1542 781 1638 826 aliis

120 847 399 903 scriptoribus
444 847 665 891 abhorret:
717 862 839 891 usum
872 864 907 892 v.
948 848 1133 893 faciendi
1167 854 1211 893 et
1244 850 1499 905 prohibendi
1517 852 1637 901 dico.

120 915 308 961 Verbum
336 916 521 961 faciendi
550 931 761 974 persaepe
780 917 1015 963 infinitivus
1046 921 1251 975 sequitur.
1280 921 1316 963 A
1345 919 1429 963 Ver
1455 924 1480 963 5
1509 919 1635 963 Sev.5

119 985 260 1031 Pesc.:
297 987 347 1030 N.
367 992 390 1030 7
421 988 517 1032 Alb.
536 992 603 1031 12.
637 987 784 1031 Carae.
809 993 834 1030 2
866 989 985 1032 Alex.
1004 988 1097 1032 Sev.
1121 994 1186 1040 10,
1205 994 1270 1031 23.
1320 989 1499 1032 Gallien.
1520 994 1559 1039 3,
1584 993 1636 1030 16

119 1057 215 1112 trig.
240 1071 272 1098 c,
298 1061 353 1098 24
384 1057 531 1100 Claud.
554 1063 591 1101 1.
652 1057 780 1114 Apud
821 1072 965 1101 vocem
1005 1057 1261 1113 prohibendi
1290 1072 1499 1115 nusquam
1529 1058 1638 1115 „ne“

120 1128 196 1167 aut
219 1126 501 1180 „quominus“
530 1129 689 1176 exstat,
719 1125 953 1170 infinitivus
980 1132 1122 1171 autem
1152 1128 1263 1171 Had.
1290 1133 1344 1170 22
1373 1130 1451 1171 Av.
1474 1128 1592 1171 Cass.
1610 1133 1635 1170 5

118 1191 236 1236 Pesc.
250 1191 300 1234 N.
317 1197 369 1235 10
399 1193 520 1235 Alex.
534 1193 627 1236 Sev.
648 1197 716 1235 24.
758 1193 852 1237 Hae
879 1194 1074 1251 singulae
1103 1196 1390 1251 exceptiones,
1427 1196 1464 1239 si
1501 1199 1637 1239 totum

119 1276 242 1306 usum
258 1263 512 1319 scriptorum
523 1263 575 1307 H.
591 1265 637 1307 A.
660 1263 742 1307 hac
758 1264 803 1307 in
818 1278 866 1308 re
895 1279 989 1308 cum
1010 1265 1283 1322 incorruptae
1304 1266 1465 1310 latinae
1481 1279 1637 1321 prosae

118 1330 324 1373 orationis
354 1331 658 1373 consuetudine
689 1336 992 1387 congruentem
1021 1337 1209 1388 spectas,
1247 1346 1332 1375 non
1366 1336 1526 1375 temere
1560 1336 1637 1374 aut

117 1400 295 1445 libidine
331 1401 516 1456 quadam
556 1405 677 1444 ortae
710 1414 804 1444 esse
843 1407 1037 1457 possunt.
1097 1401 1228 1457 Apud
1263 1401 1438 1445 verbum
1474 1401 1636 1457 praeci-

117 1470 264 1525 piendi
308 1484 377 1512 res
418 1470 522 1512 mihi
567 1473 721 1525 aperta
764 1483 859 1512 esse
889 1469 1069 1512 videtur.
1126 1469 1235 1511 Nam
1270 1484 1322 1512 ex
1348 1470 1565 1524 primitiva
1595 1469 1636 1511 vi

79 1568 85 1571 «
119 1538 235 1581 verbi
264 1538 447 1594 primum
478 1537 734 1594 significatio
762 1537 945 1580 docendi
975 1537 1160 1581 deducta
1191 1542 1275 1580 est:
1318 1552 1445 1592 quam
1462 1538 1547 1580 vim
1561 1536 1636 1580 ha—

120 1606 227 1649 bens
248 1606 503 1648 infinitivum
520 1607 709 1662 regebat.
755 1605 860 1649 Cum
875 1610 1018 1649 autem
1031 1606 1256 1663 paullatim
1287 1606 1370 1649 vim
1397 1606 1638 1663 imperandi

119 1675 354 1731 acciperet,
386 1679 674 1718 constructum
699 1678 765 1717 est
793 1679 842 1717 ut
870 1675 958 1718 alia
985 1676 1116 1719 verba
1143 1675 1269 1717 huius
1298 1674 1635 1731 significationis.

118 1744 202 1789 Sed
232 1746 494 1789 constructio
520 1744 740 1796 infinitivi,
767 1757 879 1799 quae
908 1745 1042 1800 priori
1072 1744 1374 1801 significationi
1405 1744 1542 1801 magis
1570 1757 1635 1787 re-

119 1812 320 1867 spondet,
349 1813 395 1854 in
417 1826 610 1855 sermone
633 1812 790 1867 plebis,
819 1811 936 1866 apud
960 1826 1087 1866 quam
1116 1815 1272 1854 natura
1301 1815 1345 1854 et
1374 1811 1636 1854 consuetudo

114 1879 287 1936 linguae
323 1881 468 1937 magni
504 1880 705 1923 momenti
741 1883 857 1930 sunt,
901 1893 986 1922 non
1022 1879 1148 1922 simul
1188 1893 1282 1922 cum
1322 1878 1633 1935 significatione

116 1951 282 1991 mutata
313 1952 388 1991 est.
446 1947 515 1990 Ita
542 1950 874 1991 consentaneum
904 1951 990 1998 est,
1030 1946 1386 1989 constructionem
1424 1945 1635 1996 infinitivi,

116 2028 333 2071 nunquam
364 2015 492 2071 plane
529 2018 754 2066 remotam,
804 2013 922 2071 apud
964 2014 1193 2070 scriptores
1238 2026 1432 2056 sermone
1467 2012 1635 2068 plebeio

114 2088 283 2127 utentes
319 2098 487 2128 rursum
526 2084 785 2140 praevalere.
848 2083 1051 2126 Similiter
1092 2082 1207 2137 apud
1251 2082 1425 2125 verbum
1458 2080 1635 2124 iubendi

117 2163 255 2193 sermo
285 2150 481 2207 plebeius
512 2151 738 2207 pristinam
780 2148 1130 2193 consuetudinem
1173 2148 1342 2191 dicendi
1380 2147 1517 2203 magis
1546 2160 1634 2190 ser-

116 2221 242 2266 vavit.
302 2219 411 2263 Nam
442 2220 559 2275 apud
596 2220 678 2263 hoc
712 2219 896 2265 ,verbum
933 2218 1114 2273 pristino
1152 2221 1344 2271 tempore
1380 2216 1635 2272 particulam

122 2290 219 2336 „ut“
262 2288 565 2344 significationi
610 2288 729 2341 verbi
765 2286 1117 2343 respondentem,
1156 2290 1204 2327 ut
1246 2285 1365 2340 apud
1392 2299 1430 2328 v.
1460 2284 1634 2327 vetandi

119 2362 239 2406 „ne“,
277 2368 362 2399 non
390 2370 489 2400 raro
521 2356 760 2402 adhibitam
788 2370 904 2409 esse,
946 2370 999 2399 ex
1034 2353 1322 2410 compluribus
1352 2353 1456 2396 locis
1490 2352 1635 2396 Plauti

118 2428 162 2467 et
199 2438 251 2467 ex
277 2426 494 2468 nonnullis
531 2426 647 2482 apud
685 2426 933 2468 Ciceronem
964 2425 1106 2480 ipsum
1140 2422 1408 2466 exstantibus
1443 2421 1635 2477 intellegi

117 2495 270 2548 potest.
326 2492 556 2537 Paullatim
586 2494 729 2537 nescio
759 2506 844 2548 quo
874 2492 1000 2536 modo
1032 2506 1055 2536 e
1084 2490 1390 2536 consuetudine
1420 2489 1635 2534 scribendi

120 2564 217 2609 „ut“
256 2563 438 2605 evanuit.
503 2563 588 2606 Sed
627 2562 857 2619 scriptores
898 2561 953 2605 H.
982 2563 1031 2606 A.
1069 2575 1153 2605 non
1186 2560 1320 2603 multo
1353 2559 1494 2602 rarius
1533 2563 1630 2608 „ut“

116 2628 334 2683 adhibent,
365 2646 493 2687 quam
520 2647 607 2677 acc.
636 2647 671 2675 c.
696 2631 770 2675 inf.
825 2630 929 2676 Loci
958 2635 1059 2675 sunt
1088 2630 1155 2673 hi:
1185 2629 1297 2673 Had.
1327 2632 1379 2670 16
1410 2628 1507 2670 Ant.
1522 2626 1632 2671 Phil.

119 2704 250 2753 11,21
276 2700 367 2746 Sev.
395 2706 433 2753 5,
451 2707 505 2746 23
533 2703 651 2747 Pesc.
678 2702 730 2746 N.
755 2706 878 2755 1042)
908 2701 1085 2746 Albin.2
1113 2699 1479 2756 Heliog.13(2)29
1508 2696 1634 2740 Alex:

116 2766 430 2822 Sev.22,26,57
459 2772 589 2817 Gord.
606 2777 659 2816 29
683 2772 919 2817 Maximae
935 2776 995 2825 (2)
1029 2770 1322 2822 Aurel.14,19
1343 2767 1518 2810 Firma
1551 2765 1634 2809 Da-

116 2836 204 2881 tivo
232 2852 441 2895 personae
469 2843 748 2887 antecedente
778 2846 881 2895 ‚‚ut“
913 2842 1106 2898 sequitur
1131 2839 1368 2884 Maximine
1397 2836 1523 2880 Prob.
1537 2836 1605 2878 14.

254 2906 500 2955 Ammianus
519 2911 651 2968 igitur
669 2913 757 2955 tam
768 2908 903 2955 multa
916 2908 1051 2955 libere
1071 2908 1186 2954 dicta
1205 2906 1414 2953 adhibens
1445 2919 1530 2950 non
1545 2909 1633 2948 tam

1352 2979 1377 3017 3
