1901 3153
0 1535 42 1565 1²)

0 2593 59 3136 „mm-W*

961 172 986 211 3

220 288 404 344 quodam
432 284 559 329 modo
593 284 688 339 cogi
715 282 887 327 sublimi
910 282 1080 326 dicendi
1110 294 1265 338 genere
1278 280 1353 323 uti.
1401 280 1437 323 A
1454 281 1741 338 contemplan-

219 359 335 403 tibus
375 358 498 402 nobis
543 355 772 410 scriptores
809 356 1070 410 temporum,
1112 352 1266 408 quibus
1301 350 1438 394 Roma
1475 351 1743 407 principibus

219 428 421 485 parebat,
453 424 626 469 Tacitus
657 423 772 468 solus
795 422 876 467 hac
900 422 945 465 in
972 436 1020 466 re
1049 436 1144 466 cum
1161 420 1384 465 Ammiano
1412 420 1652 475 comparari
1667 437 1742 480 po-

219 502 317 543 test.
360 497 445 541 Sed
467 495 658 552 quamvis
688 497 844 538 natura
874 493 1148 548 moribusque
1173 491 1218 534 hi
1247 490 1332 534 duo
1357 491 1516 535 similes
1545 507 1591 537 se
1619 508 1741 551 prae-

219 568 370 619 beant,
400 569 607 621 quantum
635 564 804 608 ratione
833 562 1003 606 dicendi
1032 562 1224 605 distant?
1273 560 1380 603 Cum
1405 560 1579 605 Tacitus
1609 565 1741 609 nimia

219 637 432 681 brevitate
463 638 631 685 utatur,
664 636 712 675 ut
736 645 864 688 saepe
888 631 1093 675 obscurus
1122 629 1218 681 fiat,
1255 629 1503 673 Ammianus
1519 631 1647 686 plane
1664 633 1743 676 dif-

218 707 395 762 fuseque
410 704 525 748 fluit:
555 715 649 746 cum
673 700 745 744 ille
774 700 914 756 poetis
938 699 1158 743 imitandis
1190 712 1426 742 sermonem
1457 713 1580 743 suum
1598 701 1739 758 singu-

219 776 301 820 lari
330 775 471 819 colore
500 770 679 821 afficiat,
713 770 786 824 qui
813 769 1001 812 animum
1029 783 1056 812 a
1082 768 1330 824 vulgaribus
1358 767 1487 811 rebus
1517 771 1741 816 retrahens

220 844 407 901 quodam
435 841 560 885 modo
591 840 648 884 ad
684 840 819 882 altum
836 832 996 890 evehit',
1025 838 1096 883 hic
1118 838 1246 881 etiam
1268 840 1491 893 poetarum
1508 842 1742 885 sententias

221 917 265 956 et
298 913 428 956 verba
463 923 592 965 saepe
626 908 835 951 adhibens
880 907 1069 950 tumidus
1106 907 1157 949 fit
1197 910 1241 950 et
1275 907 1427 963 „quasi
1463 908 1742 954 cothurnatus

218 982 417 1026 incedit.“
452 981 571 1024 Haec
586 981 812 1024 diversitas
847 994 942 1024 cum
971 983 1092 1023 tanto
1119 979 1345 1022 intervallo
1383 982 1622 1036 temporum
1652 986 1742 1027 tum

221 1050 390 1094 diverso
422 1050 560 1107 gradu
589 1049 872 1092 institutionis
903 1052 947 1092 et
964 1048 1253 1091 doctrinarum
1267 1048 1505 1092 animorum
1520 1051 1743 1108 utriusque

220 1123 315 1164 orta
345 1123 423 1164 est.
478 1121 725 1164 Ammianus
757 1120 889 1172 enim,
921 1120 1047 1163 homo
1080 1119 1267 1164 Graecus
1298 1123 1451 1172 natus,
1481 1135 1560 1176 per
1587 1124 1742 1169 multos

220 1203 354 1233 annos
384 1189 598 1245 stipendia
628 1190 803 1233 meritus
833 1190 879 1232 in
914 1189 1080 1233 litteras
1122 1192 1267 1233 aetate
1305 1189 1392 1232 iam
1426 1196 1654 1245 provectus
1680 1194 1741 1237 in·

220 1259 416 1302 cubuisse
446 1260 624 1304 videtur.
661 1260 770 1304 Nam
801 1263 975 1316 praeter
1001 1274 1128 1315 quam
1154 1259 1268 1314 quod
1295 1260 1382 1303 iam
1412 1274 1465 1303 ex
1492 1262 1637 1307 multis
1669 1265 1743 1308 sti-

219 1328 386 1382 pendiis
416 1329 541 1372 factis
568 1330 650 1372 hoc
680 1330 821 1386 colligi
844 1333 1009 1386 potest,
1039 1329 1217 1371 msxime
1232 1328 1315 1372 hac
1331 1342 1378 1371 re
1396 1337 1598 1385 apparet,
1629 1334 1744 1388 quod

220 1398 404 1460 „famam
435 1397 654 1443 doctrinae
688 1397 891 1443 affectat“
926 1397 1039 1453 (vide
1071 1396 1199 1441 Henr.
1232 1396 1324 1441 Val.
1347 1398 1519 1454 praef.):
1552 1399 1598 1445 id
1629 1403 1745 1458 quod

219 1469 402 1511 maxime
431 1469 476 1510 in
504 1468 663 1512 talibus
690 1468 792 1511 viris
819 1468 1007 1523 spectari
1033 1470 1176 1523 potest
1213 1466 1286 1521 qui
1315 1467 1503 1510 nondum
1530 1469 1603 1513 diu
1632 1472 1745 1515 litte-

219 1539 280 1583 ris
310 1538 463 1582 imbuti
493 1542 604 1582 sunt.
656 1538 775 1583 Haec
814 1553 884 1582 res
921 1538 1052 1582 etiam
1080 1537 1225 1582 multis
1251 1537 1394 1582 allatis
1421 1537 1526 1583 locis
1554 1543 1746 1586 veterum

220 1608 475 1663 scriptorum
505 1605 697 1664 intellegi
725 1611 879 1663 potest.
936 1606 1046 1650 Nam
1084 1606 1181 1649 illos
1224 1606 1340 1649 locos
1376 1607 1515 1663 magis
1546 1609 1743 1655 attulisse

219 1677 408 1731 videtur,
436 1680 485 1720 ut
513 1677 751 1721 doctrinam
777 1691 897 1721 suam
924 1675 1147 1727 ostendat,
1186 1689 1314 1731 quam
1349 1679 1398 1719 ut
1431 1676 1595 1731 aliquid
1623 1692 1746 1723 accu-

220 1748 356 1791 ratius
387 1747 579 1803 explicet.
640 1748 706 1790 Ex
738 1748 806 1791 his
829 1748 954 1792 dictis
980 1748 1114 1804 igitur
1134 1751 1340 1802 apparet,
1382 1747 1653 1792 Ammianum
1678 1751 1745 1794 lit-

220 1819 411 1860 terarum
437 1816 680 1873 imperitum
711 1816 883 1873 quidem
910 1830 996 1860 non
1028 1829 1139 1869 esse,
1188 1815 1265 1859 sed
1304 1815 1496 1860 nondum
1539 1819 1644 1863 satis
1671 1820 1747 1865 diu

222 1886 269 1930 in
293 1885 361 1929 his
390 1890 606 1930 versatum
632 1901 745 1939 esse,
773 1890 822 1930 ut
849 1885 1033 1930 fructum
1059 1900 1112 1930 ex
1138 1885 1208 1929 his
1237 1885 1457 1941 percipere
1488 1893 1644 1943 posset.

359 1955 560 2007 Quamvis
589 1956 702 2000 enim
731 1956 1000 2000 Ammianum
1035 1955 1158 2000 libris
1192 1955 1449 2011 optimorum
1490 1958 1743 2014 scriptorum

225 2023 550 2080 diligentissime
581 2026 796 2070 studuisse
823 2040 875 2069 ex
904 2025 1049 2068 multis
1078 2024 1183 2068 locis
1213 2024 1356 2077 allatis
1381 2024 1573 2081 intellegi
1597 2029 1746 2083 possit,

223 2096 369 2140 tamen
391 2093 621 2138 dictionem
636 2094 767 2147 Tulli,
800 2095 919 2138 cuius
950 2094 1067 2138 dicta
1097 2097 1187 2138 tam
1214 2107 1345 2150 saepe
1373 2092 1631 2149 admiratur,
1655 2097 1748 2141 imi-

223 2163 309 2209 tari
338 2177 423 2206 non
446 2167 600 2219 potest.
662 2163 767 2207 Cum
797 2168 940 2207 autem
969 2166 1126 2207 natura
1155 2177 1235 2206 sua
1269 2165 1313 2205 et
1347 2162 1478 2206 rebus
1507 2167 1747 2212 tractandis

221 2232 279 2278 ad
306 2232 487 2277 sublime
518 2232 687 2277 dicendi
727 2247 861 2290 genus
899 2232 1192 2278 adhibendum
1225 2231 1554 2289 perduceretur,
1594 2237 1634 2280 ei
1663 2251 1749 2281 non

222 2306 317 2347 erat
343 2303 568 2356 iudicium,
614 2318 698 2360 quo
728 2305 840 2348 inter
868 2304 950 2348 hoc
978 2303 1149 2347 dicendi
1178 2316 1313 2360 genus
1344 2307 1387 2346 et
1423 2304 1633 2348 tumidam
1662 2306 1749 2351 dic-

223 2372 383 2417 tionem
413 2372 643 2417 discrimen
667 2372 809 2418 facere
837 2374 1059 2431 potuisset.
1100 2373 1195 2417 Huc
1225 2372 1405 2425 accedit,
1435 2377 1485 2418 ut
1515 2379 1636 2420 aetas
1652 2376 1751 2420 Am-

222 2443 355 2487 miani
387 2445 558 2488 omnino
599 2444 657 2488 ad
697 2445 906 2489 tumidam
943 2446 1172 2491 dictionem
1211 2445 1398 2489 inclinet.
1456 2444 1540 2488 Sed
1578 2449 1752 2501 praeter

223 2516 409 2558 aetatem
439 2514 569 2558 etiam
607 2514 694 2559 alia
734 2530 803 2560 res
839 2530 935 2560 eum
959 2520 1008 2560 ut
1037 2516 1118 2561 hoc
1154 2529 1311 2573 genere
1349 2514 1520 2559 dicendi
1546 2519 1751 2570 uteretur,

224 2585 444 2641 permovit.
496 2585 562 2627 Ex
593 2586 775 2642 epistola
805 2587 919 2630 enim
947 2587 1121 2644 Libani,
1149 2587 1275 2630 amici
1292 2585 1524 2640 Ammiani,
1556 2588 1751 2641 apparet,

225 2669 321 2699 eum
348 2655 509 2700 Romae
536 2656 738 2701 historias
768 2671 868 2702 suas
896 2659 1114 2702 recitasse.
1153 2656 1312 2701 Scribit
1340 2656 1475 2699 enim:
1513 2656 1622 2711 ,,νῦν
1651 2648 1756 2706 δ’ὡς

222 2722 341 2767 ἔστιν
368 2721 549 2767 α’κούειν
579 2727 675 2769 τῶν
705 2722 877 2770 ἐκεῖθεν
904 2723 987 2782 α’φι
1016 2726 1291 2782 κνουμένων,
1319 2721 1455 2775 αὐτὸς
1479 2719 1581 2782 ἡμῖν
1593 2720 1643 2767 ἐν
1664 2722 1755 2766 ἐπι-

224 2794 378 2849 δείξεσι
407 2803 503 2849 ταῑς
530 2795 609 2854 μὲν
638 2797 820 2856 γέγονας
848 2805 945 2851 ταῖς
969 2798 1018 2843 δὲ
1044 2795 1132 2855 ἔσῃ,
1159 2798 1235 2856 τῆς
1263 2795 1512 2855 συγγραφῆς
1526 2792 1587 2847 εἷς
1611 2789 1758 2838 πολλὰ

220 2866 497 2923 τετμημένης,
526 2868 599 2909 καὶ
628 2871 712 2911 τοῦ
738 2869 959 2923 φανέντος
987 2866 1301 2918 ἐπαινεθέντος
1336 2866 1470 2923 μέρος
1497 2863 1648 2920 ἕτερον
1683 2863 1760 2915 εἰς·

223 2935 477 2987 καλοῦντος.
518 2931 671 2980 ἀκούω
690 2930 751 2981 ’δὲ
782 2933 863 2996 τὴν
902 2932 1067 2996 Ροόμην
1107 2933 1246 2995 αὐτὴν
1287 2934 1538 2992 στεφανοῦν
1583 2944 1654 2977 σοι
1676 2929 1760 2977 τὸν

1420 3004 1480 3047 1&-
