1901 3153
920 152 945 190 2

171 260 457 304 barbararum
489 260 698 305 obsistere
727 263 893 316 posset,
933 261 1009 305 sed
1040 263 1165 307 simul
1195 277 1247 307 ex
1275 263 1357 308 hac
1386 278 1434 308 re
1465 278 1534 308 res
1567 265 1705 309 malae

174 329 323 383 „aulae
353 329 642 387 Byzantinae“
681 331 851 374 initium
884 331 1107 376 duxerunt.
1184 334 1385 386 Quamvis
1426 335 1538 378 enim
1574 335 1704 380 etiam

173 401 293 456 prius
325 415 455 457 saepe
485 415 538 444 ex
564 401 783 445 voluntate
820 405 1135 447 assentatorum
1166 404 1450 460 similiumque
1487 404 1704 449 hominum

173 484 244 514 res
274 470 601 514 administratae
631 473 798 519 essent,
827 473 973 515 tamen
1002 486 1115 517 nunc
1143 487 1213 517 res
1241 488 1290 518 eo
1323 474 1506 518 deducta
1523 477 1626 527 erat,
1656 477 1705 518 ut

172 541 407 594 imperator
440 555 466 582 a
512 541 718 584 ministris
764 541 853 583 suis
897 541 1079 596 aliisque
1110 542 1353 588 hominibus
1403 544 1476 599 qui
1513 544 1559 586 in
1605 543 1706 587 aula

173 610 476 662 versabantur,
522 608 810 652 circumdatus
855 623 992 665 paene
1035 611 1144 655 nihil
1185 626 1237 655 ex
1282 612 1499 656 voluntate
1538 627 1617 656 sua
1644 612 1704 656 fa-

176 693 272 723 cere
314 681 470 734 posset.
527 677 647 730 Quae
682 692 777 722 cum
806 678 869 722 ita
900 684 1064 736 essent,
1102 695 1149 724 re
1186 683 1283 738 ipsa
1311 686 1513 739 apparet,
1544 686 1706 738 quanta

174 747 232 791 ad
249 746 442 790 facinora
473 747 778 792 committenda
791 747 1025 804 imperator
1053 749 1108 793 ab
1133 750 1428 794 adulatoribus
1443 752 1619 806 perduci
1632 764 1705 807 po·

172 819 323 868 tuerit,
364 820 619 874 praesertim
650 832 744 861 cum
779 819 1014 875 principes,
1061 825 1109 863 ut
1139 820 1431 872 Constantius,
1474 820 1706 864 ambitione

173 891 217 930 et
254 887 445 930 vanitate
484 887 619 943 pleni,
663 901 691 930 a
728 887 888 931 talibus
928 888 1173 934 hominibus
1221 890 1346 933 facile
1389 889 1701 945 pellicerentur.

173 957 242 1000 Ita
278 957 529 999 Ammianus
567 955 667 1007 XV,
698 960 736 1007 2,
768 961 790 998 1
845 956 1070 1001 Constanti
1113 958 1299 1002 indolem
1347 958 1498 1002 eximie
1550 958 1705 1003 descri-

176 1027 243 1071 bit
269 1026 338 1070 his
365 1027 530 1072 verbis:
590 1026 711 1077 „Hac
736 1027 1022 1083 superabatur
1058 1033 1130 1082 (sc.
1162 1028 1402 1081 Ursicinus)
1439 1028 1703 1074 difficultate,

175 1097 290 1153 quod
320 1098 377 1141 ad
403 1096 700 1152 suspiciendas
732 1097 999 1141 defensiones
1030 1112 1190 1153 aequas
1228 1102 1271 1142 et
1295 1098 1539 1154 probabiles
1568 1098 1703 1153 Impe-

173 1167 332 1210 ratoris
362 1180 490 1210 aures
530 1165 726 1209 occlusae
744 1200 753 1216 ,
795 1166 1005 1222 patebant
1045 1167 1231 1210 susurris
1269 1167 1563 1210 insidiantium
1592 1166 1703 1212 clan-

173 1237 393 1280 destinis.“
447 1236 566 1278 Inter
588 1234 696 1278 haec
723 1248 863 1278 mores
890 1235 1108 1278 hominum
1134 1236 1271 1292 magis
1301 1236 1525 1292 magisque
1553 1235 1701 1280 effera-

174 1304 353 1361 bantur,
383 1303 430 1347 id
456 1303 571 1358 quod
600 1303 849 1346 Ammianus
880 1304 973 1360 ipse
1005 1305 1176 1361 egregie
1207 1304 1433 1348 describit:
1472 1304 1627 1347 studiis
1655 1304 1704 1348 li-

171 1375 383 1419 beralium
413 1374 571 1417 artium
600 1373 838 1418 obliteratis
879 1373 1108 1418 multitudo
1148 1389 1303 1431 magno
1336 1388 1431 1419 cum
1471 1374 1613 1419 studio
1646 1373 1704 1419 ad

172 1444 292 1487 leves
322 1457 392 1486 res
423 1455 470 1485 se
500 1441 691 1484 contulit.
749 1440 860 1483 Vide
888 1440 987 1483 XIV
1022 1446 1059 1492 6,
1092 1446 1166 1484 18:
1211 1455 1404 1498 „paucae
1439 1442 1587 1485 domus
1615 1446 1703 1485 stu-

172 1515 340 1558 diorum
370 1511 493 1556 seriis
524 1509 708 1553 cultibus
733 1513 863 1553 antea
877 1509 1118 1554 celebratae
1140 1525 1252 1554 nunc
1280 1510 1477 1554 ludibriis
1506 1512 1703 1568 ignaviae

171 1581 384 1639 torpentis
397 1580 629 1636 exundant,
646 1580 784 1623 vocali
795 1593 912 1636 sono,
929 1579 1144 1635 perflabili
1159 1581 1316 1622 tinnitu
1327 1580 1477 1623 fidium
1493 1581 1702 1625 resultan-

171 1658 237 1697 tes
251 1652 357 1695 etc.“
374 1650 716 1695 Consentaneum
729 1653 805 1702 est,
814 1663 883 1693 res
899 1649 1149 1693 tractandas
1162 1649 1218 1693 ad
1232 1663 1366 1706 genus
1379 1649 1548 1693 dicendi
1558 1651 1703 1708 magni

171 1723 374 1765 momenti
385 1734 491 1764 esse.
518 1720 623 1764 Cum
634 1724 776 1764 autem
787 1720 896 1763 tales
907 1720 1046 1764 malae
1058 1720 1328 1764 condiciones
1338 1734 1417 1776 pro
1429 1722 1599 1778 ingenio
1616 1736 1702 1766 mo-

170 1794 375 1849 ribusque
394 1793 559 1836 animos
572 1791 738 1835 diverse
747 1794 1033 1847 permoveant,
1050 1790 1282 1847 hicpaucis
1306 1790 1477 1846 quidem
1489 1790 1703 1835 Ammiani

169 1877 311 1907 mores
330 1861 554 1918 spectandi
573 1862 670 1904 sint.
722 1862 991 1906 Ammianum
1009 1861 1099 1904 veri
1130 1861 1481 1912 amantissimum,
1512 1860 1568 1904 ab
1589 1860 1703 1904 omni

171 1932 334 1976 invidia
363 1935 439 1975 aut
465 1931 564 1974 odio
594 1933 671 1974 aut
687 1930 933 1975 adulatione
965 1929 1152 1973 alienum
1183 1929 1342 1985 ubique
1374 1929 1457 1972 sibi
1485 1929 1701 1972 conscium

171 2015 282 2053 esse,
315 2014 399 2057 quo
429 1999 556 2043 modo
581 1998 764 2043 historia
792 1998 1021 2042 tractanda
1051 1998 1132 2050 sit,
1163 2011 1216 2041 ex
1234 1997 1429 2041 omnibus
1455 1997 1576 2041 libris
1607 1998 1699 2042 eius

170 2071 361 2126 intellegi
392 2073 546 2127 potest.
592 2069 713 2113 Haec
746 2069 882 2113 virtus
911 2072 1056 2113 autem
1085 2082 1195 2124 quae
1224 2069 1269 2111 in
1295 2067 1539 2123 tranquillis
1569 2067 1698 2112 rebus

169 2140 431 2195 reipublicae
461 2140 573 2184 bene
607 2139 868 2183 constitutae
903 2153 991 2183 non
1020 2143 1109 2183 tam
1148 2139 1355 2196 probitati
1385 2138 1533 2190 animi,
1570 2153 1699 2194 quam

169 2208 343 2264 ingenio
374 2208 567 2252 historici
600 2209 831 2253 tribuenda
860 2212 946 2265 est,
1000 2208 1087 2252 illis
1133 2207 1391 2252 turbulentis
1433 2207 1697 2263 temporibus

168 2276 452 2320 clarissimum
466 2276 703 2333 incorrupti
727 2278 858 2320 animi
888 2277 1179 2320 testimonium
1208 2275 1417 2333 perhibet.
1460 2276 1593 2320 Adice
1613 2290 1697 2332 quo

167 2347 296 2391 modo
329 2346 382 2391 de
397 2346 586 2390 moribus
604 2346 890 2392 Romanorum
904 2346 1102 2392 disserat.
1145 2345 1407 2403 Simplicem,
1445 2346 1559 2392 vitiis
1583 2349 1698 2391 aeta-

166 2418 223 2461 tis
256 2431 359 2462 suae
385 2417 680 2474 incorruptum
710 2417 914 2468 animum,
955 2420 1004 2460 ut
1046 2416 1239 2474 exemplo
1278 2419 1394 2472 utar,
1431 2415 1537 2463 haec
1565 2415 1697 2461 verba

166 2488 394 2544 perspicue
428 2485 661 2530 ostendunt
691 2485 818 2538 (XIV,
843 2491 879 2539 6,
904 2491 997 2540 20):
1027 2499 1307 2543 „quocunque
1337 2485 1481 2529 oculos
1508 2483 1692 2539 flexeris,

165 2557 347 2599 reminas
373 2555 540 2599 affatim
565 2554 723 2597 multas
755 2558 948 2609 spectare
963 2556 1143 2599 cirratas
1176 2555 1352 2611 quibus,
1382 2555 1419 2597 si
1434 2555 1695 2611 nupsissent,

166 2640 245 2682 per
273 2629 462 2671 aetatem
490 2628 557 2668 ter
586 2625 673 2667 iam
702 2623 828 2667 nixus
859 2628 1031 2680 poterat
1046 2628 1275 2682 suppetere
1291 2623 1541 2676 liberorum,
1568 2622 1695 2667 adus-

166 2709 249 2749 que
276 2695 468 2738 taedium
489 2693 672 2749 pedibus
699 2693 946 2749 pavimenta
976 2697 1213 2748 tergentes,
1254 2694 1407 2737 iactari
1436 2692 1694 2736 volubilibus

163 2764 298 2822 gyris,
332 2764 433 2810 dum
463 2763 706 2821 exprimunt
728 2762 953 2808 innumera
982 2761 1223 2814 simulacra,
1253 2776 1364 2818 quae
1382 2761 1545 2807 finxere
1572 2760 1694 2807 fabu-

162 2835 232 2878 lae
259 2834 534 2879 theatrales.“
587 2836 782 2891 Apparet
823 2836 1077 2890 scriptorem
1103 2834 1228 2876 huius
1258 2833 1419 2889 ingenii
1447 2848 1517 2876 res
1547 2837 1693 2890 gestas

161 2902 277 2948 illius
306 2903 464 2949 aetatis
493 2902 676 2960 simplici
706 2906 750 2949 et
778 2904 896 2948 tenui
928 2917 1123 2950 sermone
1136 2915 1313 2950 narrare
1327 2914 1414 2947 non
1442 2915 1587 2957 posse,
1617 2901 1694 2947 sed
