1901 3153
326 756 407 800 Ars
446 771 585 800 rerum
621 758 838 812 gestarum
874 752 1196 798 scribendarum
1223 769 1318 799 cum
1348 754 1466 812 apud
1494 754 1708 799 Romanos

185 824 400 869 artissime
436 839 531 869 cum
566 823 907 868 institutionibus
948 823 1012 867 rei
1048 823 1247 880 publicae
1289 823 1452 868 liberae
1484 825 1710 869 coniuncta

188 898 323 947 esset,
364 896 535 939 saeculo
564 895 702 950 primo
731 910 771 950 p.
804 894 877 937 Ch.
904 909 944 936 n.
975 898 1150 949 peracto
1177 893 1272 937 fieri
1297 908 1381 937 non
1410 895 1568 950 potuit,
1607 894 1710 949 quin

187 963 381 1007 celeriter
418 964 736 1021 depravaretur.
797 964 900 1016 Quis
941 965 1052 1007 enim
1091 965 1275 1021 scriptor
1314 978 1457 1008 rerum
1492 968 1709 1021 gestarum

187 1032 335 1077 Tacito
362 1034 560 1079 defuncto
592 1035 776 1086 exstitit,
807 1035 880 1091 qui
907 1035 988 1079 hoc
1010 1035 1179 1079 nomine
1208 1035 1363 1092 dignus
1387 1034 1551 1085 fuisset,
1581 1034 1709 1078 immo

186 1102 282 1158 quis
310 1104 365 1148 ab
396 1118 572 1149 excessu
594 1104 778 1162 Augusti
806 1119 942 1161 usque
972 1104 1030 1148 ad
1061 1105 1200 1149 Taciti
1229 1106 1447 1149 aetatem?
1499 1104 1592 1156 Quo
1622 1118 1709 1148 ma·

185 1172 251 1228 gis
267 1172 402 1230 iuvat,
430 1177 621 1231 tempore
648 1174 763 1231 quod
781 1175 866 1218 iam
897 1174 986 1218 fere
1016 1174 1072 1217 ad
1101 1177 1287 1218 aetatem
1317 1174 1502 1218 mediam
1530 1173 1709 1226 accedit,

185 1241 435 1298 scriptorem
465 1245 702 1296 exstitisse,
732 1244 804 1300 qui
837 1244 919 1288 sibi
948 1243 1150 1287 conscius
1171 1247 1306 1295 esset,
1353 1258 1437 1300 quo
1468 1244 1594 1287 modo
1624 1242 1708 1287 his-

182 1312 294 1356 toria
318 1315 545 1359 tractanda
573 1318 703 1359 esset:
746 1315 1016 1358 Ammianum
1046 1314 1342 1358 Marcellinum
1393 1313 1501 1358 dico.
1554 1312 1708 1365 Quam-

184 1383 247 1425 vis
285 1387 427 1427 autem
462 1387 573 1429 tanti
608 1385 899 1429 aestimandus
939 1385 1016 1435 sit,
1060 1387 1206 1427 tamen
1253 1384 1350 1427 aliis
1385 1383 1431 1427 in
1471 1383 1601 1425 rebus
1638 1382 1709 1424 vix

185 1452 463 1509 scriptoribus
493 1455 781 1510 antiquittatis
812 1454 991 1498 attribui
1020 1457 1173 1509 potest.
1228 1453 1338 1497 Nam
1369 1452 1468 1496 stilo
1501 1454 1545 1495 et
1579 1451 1709 1495 rebus

184 1524 473 1578 grammaticis
503 1525 639 1581 magis
666 1524 1057 1579 disceditagenere
1076 1522 1247 1566 dicendi
1272 1536 1358 1566 non
1388 1522 1524 1565 solum
1550 1534 1708 1564 aureae

183 1592 358 1644 aetatis,
392 1593 468 1637 sed
497 1595 625 1636 etiam
641 1594 924 1650 posteriorum
939 1597 1196 1648 temporum,
1229 1606 1358 1647 quam
1373 1591 1444 1634 vix
1457 1590 1578 1634 alius.
1623 1588 1709 1632 Sed

183 1658 329 1704 tainen
355 1662 408 1704 de
435 1662 673 1706 elocutione
702 1663 799 1718 ipsa
825 1661 1055 1711 Ammiani,
1086 1661 1278 1715 quamvis
1306 1659 1431 1703 valde
1459 1658 1707 1714 depravata,

183 1733 227 1774 et
253 1730 306 1774 de
337 1732 476 1776 causis
506 1731 631 1775 huius
663 1731 980 1788 depravationis
1011 1731 1221 1774 disserere
1256 1731 1302 1774 in
1336 1745 1428 1774 rem
1459 1734 1543 1780 est;
1586 1743 1709 1785 prae-

183 1800 328 1842 sertim
370 1815 465 1843 cum
504 1800 621 1856 apud
656 1800 877 1856 nonnulla,
919 1813 1029 1854 quae
1062 1799 1257 1843 omnibus
1295 1799 1456 1856 regulis
1502 1799 1708 1854 neglectis

182 1871 341 1913 temere
371 1870 488 1913 diota
516 1883 610 1913 esse
640 1869 865 1920 videntur?
898 1872 1043 1912 tamen
1079 1869 1116 1912 si
1144 1883 1235 1912 rem
1264 1868 1507 1912 accuratius
1536 1871 1707 1923 spectas

182 1941 325 1982 certae
347 1937 522 1994 regulae
550 1937 730 1992 reperiri
765 1936 944 1992 possint.
1004 1936 1110 1979 Cum
1141 1936 1273 1992 igitur
1300 1935 1404 1978 mihi
1440 1937 1486 1979 in
1521 1940 1706 1980 mentem

180 2007 368 2050 venisset
396 2006 449 2049 de
476 2006 642 2049 ratione
671 2005 842 2048 dicendi
872 2005 1084 2048 Ammiani
1119 2004 1323 2048 nonnulla
1352 2005 1558 2057 scribere,
1600 1997 1706 2061 opti-

181 2088 296 2117 mum
324 2078 460 2127 ratus,
490 2088 576 2117 non
605 2088 657 2117 ex
683 2074 878 2116 omnibus
892 2074 1088 2128 partibus
1106 2073 1229 2128 quasi
1259 2077 1462 2130 excerpta
1492 2073 1706 2128 quaedam

180 2143 356 2197 afferre,
399 2144 475 2187 sed
505 2143 558 2187 de
587 2157 673 2186 una
700 2145 825 2199 parte
854 2146 1053 2186 accurate
1084 2142 1313 2196 disserere,
1352 2136 1447 2187 cuin
1486 2143 1543 2187 ad
1571 2147 1708 2188 totam

180 2215 404 2259 materiam
436 2218 480 2256 et
507 2212 594 2256 stili
624 2216 669 2255 et
700 2213 1005 2269 grammaticae
1042 2216 1211 2269 tempus
1251 2213 1447 2269 viresque
1491 2213 1705 2271 deficiant,

179 2284 363 2341 primum
392 2282 540 2339 paucis
571 2281 625 2324 de
653 2281 753 2324 stilo
783 2284 826 2324 et
854 2281 994 2325 causis
1028 2282 1182 2337 quibus
1213 2286 1333 2326 ortus
1364 2282 1441 2334 sit,
1480 2283 1703 2341 disseram,

180 2353 336 2397 deinde
361 2366 430 2394 res
459 2350 759 2406 grammaticas
791 2364 873 2405 quo
903 2351 1030 2393 modo
1056 2354 1146 2393 tam
1165 2351 1290 2395 valde
1305 2352 1585 2407 perturbatae
1604 2353 1703 2403 sint,

180 2420 402 2477 explicabo
437 2418 736 2473 nonnullisque
772 2418 976 2474 exemplis
1014 2417 1126 2461 hanc
1163 2420 1530 2475 perturbationem
1565 2425 1705 2465 osten-

180 2489 300 2543 dam,
333 2489 516 2545 denique
548 2487 603 2532 de
631 2501 712 2531 usu
740 2486 941 2532 infinitivi
971 2491 1173 2533 accurate
1203 2488 1399 2534 scribam.

827 2625 967 2676 Pars
1001 2626 1043 2675 Ι.

595 2719 651 2760 De
685 2719 777 2761 stilo
811 2720 1015 2762 Ammiani
1041 2720 1286 2762 Marcellini.

316 2814 697 2859 Constitutionibus
726 2815 995 2859 Constantini
1021 2816 1168 2872 Magni
1199 2816 1393 2872 singulae
1434 2819 1581 2872 partes
1612 2817 1702 2872 qui-

179 2883 276 2927 dem
305 2885 369 2927 rei
398 2884 596 2941 publicae
623 2888 752 2934 antea
780 2898 917 2941 paene
947 2885 1181 2929 dissolutae
1208 2885 1423 2929 artissime
1452 2886 1703 2930 coniunctae

178 2958 319 3010 erant,
365 2959 414 2999 ut
454 2969 523 2999 res
562 2954 737 3011 publica
772 2969 851 3010 per
890 2955 1066 3011 aliquod
1102 2959 1271 3011 tempus
1305 2955 1484 3013 impetui
1512 2957 1702 3013 gentium

1400 3032 1423 3068 1
