1901 3153
915 148 971 186 40

243 274 268 304 o
279 275 308 316 p
318 275 346 317 p
360 273 415 303 or
425 263 444 303 ῖ
454 274 517 302 un
528 274 557 303 u
567 273 609 302 m
638 259 743 303 XIV
762 264 801 316 6,
819 264 871 301 21
905 272 1015 314 quae
1043 273 1266 304 recensere
1295 262 1400 317 puto
1430 274 1541 304 nunc
1555 272 1706 317 oppor-

183 331 334 371 tunum
363 328 556 372 XXVIII
574 333 611 380 1,
627 333 693 371 30.
725 328 854 370 XXX
870 332 907 380 7,
925 333 962 370 1.

242 398 477 455 optabile
510 402 634 439 XVII
656 402 791 449 12,19
832 397 1010 452 obsequi
1036 396 1330 440 defensoribus
1361 396 1550 452 optabile
1580 408 1707 450 quam

188 467 348 509 servire
377 467 465 509 suis
494 466 718 522 mancipiis
746 466 957 509 arbitrati.
1745 516 1767 535 ὁ

242 536 605 591 periculosum
637 539 718 577 XV
739 540 778 586 8,
797 540 818 576 1
854 534 1141 590 periculosum
1163 534 1448 586 existimabat,
1480 549 1525 578 se
1548 535 1592 578 in
1610 548 1710 591 par-

188 608 275 648 tem
304 604 557 647 contrudere
586 604 712 660 longe
741 604 944 646 dimotam
978 607 1123 645 XXVI
1145 608 1183 659 6,
1201 608 1266 645 12.

245 675 611 730 perniciosum
641 677 685 717 et
705 674 874 717 irritum
905 677 1053 714 XXXI
1073 675 1224 720 10,15.

244 742 606 797 perniciosum
636 745 680 784 et
707 741 930 797 indignum
958 745 1081 783 XXII
1107 745 1174 796 12,
1196 745 1238 787 3.

244 810 526 866 pulchrum
555 814 660 852 XIV
677 816 715 861 6,
737 815 776 852 8.
817 810 1047 852 stult-um
1077 814 1162 850 XX
1181 814 1221 861 8,
1238 814 1303 851 14.

247 878 588 934 superfluum
617 882 684 922 est
711 882 790 921 XX
816 881 896 929 5,4
940 881 1129 921 reterere
1159 877 1418 933 superfluum
1447 881 1550 933 puto
1588 881 1710 920 XXII

191 952 327 1000 14,1;
358 951 496 991 xxm
523 952 561 999 6,
586 952 639 991 62
669 946 829 990 XXVII
849 951 885 999 2,
910 952 989 1001 113
1020 952 1060 1001 s,
1084 953 1121 990 4.

247 1028 637 1069 supervacuum
667 1019 815 1057 XXVI
833 1020 870 1065 1,
891 1019 956 1056 13.

246 1083 622 1138 tempestivum
650 1086 716 1125 est
740 1087 818 1125 XV
846 1088 924 1133 9,1
962 1086 1140 1125 XXVIII
1160 1088 1196 1131 1,
1220 1087 1286 1124 43.

250 1154 409 1206 turpe
440 1155 561 1194 XXV
576 1155 616 1199 4,
640 1155 676 1194 7.

245 1219 590 1262 tutissimum
621 1223 721 1263 XXI
741 1223 818 1274 1,3
860 1219 1121 1261 tutissimum
1159 1221 1279 1260 ratus
1322 1218 1535 1260 inimicum
1575 1231 1621 1260 se
1659 1231 1711 1260 ex

189 1289 384 1333 confesso
414 1294 653 1333 monstrare
684 1290 735 1332 ei.
798 1288 1002 1332 Similiter
1033 1294 1168 1332 XXIV
1188 1294 1226 1343 6,
1243 1293 1281 1330 2.

245 1359 513 1401 usitatum
538 1362 639 1401 XIV
664 1363 703 1413 2,
722 1363 757 1400 1.
794 1372 971 1400 verum
1001 1361 1067 1400 est
1095 1361 1199 1398 XVI
1218 1361 1256 1408 5,
1273 1362 1310 1399 8.

244 1428 350 1471 vile
377 1432 521 1470 XXXI
542 1431 582 1478 2,
604 1432 658 1469 20
688 1427 887 1470 incedere
914 1426 1098 1482 pedibus
1121 1427 1338 1469 existimat
1369 1425 1462 1468 vile.

324 1494 386 1536 Ut
413 1495 590 1550 legitur:
618 1495 664 1537 id
698 1495 835 1537 visum
866 1499 932 1537 est
960 1495 1186 1537 honestum
1222 1499 1266 1536 et
1295 1494 1418 1549 utile,
1457 1497 1505 1535 ut
1534 1493 1711 1536 Arbetio

189 1565 390 1618 pergeret
417 1567 495 1605 XV
511 1566 550 1611 4,
571 1567 608 1605 1.

326 1630 490 1672 Horum
520 1632 808 1687 exemplorum
837 1631 1064 1673 allatorum
1084 1631 1218 1673 multa
1246 1631 1336 1673 eius
1365 1631 1481 1673 modi
1512 1634 1622 1681 sunt,
1663 1634 1712 1672 ut

192 1698 449 1742 adiectivum
490 1699 680 1755 pendeat
725 1714 777 1743 ex
808 1700 939 1743 verbo
980 1699 1191 1743 sentiendi
1234 1700 1381 1752 ‚,esse“
1407 1699 1574 1742 omisso.
1628 1698 1711 1742 Sed

190 1768 375 1812 fortasse
405 1775 550 1819 „esse“
582 1770 652 1813 hic
683 1785 768 1813 non
791 1774 857 1813 est
886 1771 1194 1826 supplendum,
1231 1771 1307 1814 sed
1336 1772 1477 1827 potius
1506 1772 1712 1815 accusati-

188 1848 266 1878 vus
297 1835 497 1879 adiectivi
521 1836 771 1892 simpliciter
795 1851 890 1879 cum
904 1838 1034 1881 verbo
1055 1837 1266 1879 sentiendi
1284 1838 1603 1894 coniungendus
1626 1841 1710 1880 est:

192 1903 347 1947 deinde
377 1905 612 1948 infinitivus
646 1920 828 1959 sequens
861 1921 913 1949 ex
941 1907 1071 1949 verbo
1094 1911 1137 1948 et
1151 1907 1359 1949 adiectivo
1384 1907 1506 1960 quasi
1521 1907 1566 1949 in
1584 1921 1712 1949 unam

188 1974 405 2018 notionem
435 1974 621 2019 confusis
651 1975 823 2031 pendet.
883 1975 1044 2031 „Esse“
1076 1975 1187 2018 enim
1217 1975 1419 2018 omissum
1457 1979 1524 2019 est
1559 1975 1626 2018 his
1653 1975 1711 2018 lo-

194 2045 283 2087 cis:
340 2049 446 2087 XIX
467 2051 532 2087 11.
552 2050 604 2087 13
651 2050 798 2087 XXIII
817 2049 854 2096 5,
875 2049 926 2088 15
965 2050 1105 2087 XVIII
1123 2049 1162 2091 8,
1183 2050 1209 2086 4
1250 2049 1368 2087 XXII
1390 2050 1425 2094 1,
1442 2050 1466 2086 3
1508 2049 1607 2088 XXI
1629 2050 1667 2095 2,
1684 2050 1711 2086 4

191 2116 296 2155 XIV
312 2117 350 2164 2,
371 2118 422 2156 17
454 2117 622 2166 XV8‚1
654 2118 732 2157 XX
752 2117 830 2165 5‚4
861 2118 941 2154 XV
957 2118 1027 2166 9,1
1062 2117 1260 2168 XX14,3
1295 2118 1416 2156 XXII
1432 2117 1528 2164 14,1
1563 2117 1713 2157 XXIII

195 2184 232 2231 1,
256 2184 304 2232 1;
338 2185 376 2231 6,
397 2186 449 2222 62
492 2186 632 2224 XXIV
655 2187 692 2232 6,
718 2187 741 2223 2
779 2185 925 2224 XXVI
946 2187 982 2233 1,
1003 2187 1055 2223 13
1098 2185 1267 2223 XXVII
1283 2186 1319 2229 8,
1340 2186 1366 2222 4
1405 2186 1548 2223 XXXI
1573 2186 1610 2231 2,
1637 2187 1709 2235 20;

195 2253 262 2300 10,
285 2252 352 2292 15.
415 2248 557 2292 Solum
596 2254 681 2292 XX
702 2255 782 2303 4,8
818 2251 996 2307 legitur:
1046 2251 1304 2307 „gloriosum
1342 2264 1436 2294 esse
1463 2252 1717 2296 existimans

192 2321 311 2363 iussa
331 2324 468 2362 morte
499 2325 722 2376 oppetere,
766 2335 893 2376 quam
933 2322 972 2364 ei
1002 2321 1317 2377 provinciarum
1356 2321 1577 2364 interitum
1605 2322 1710 2363 assi-

190 2390 355 2445 gnari.“
408 2389 609 2432 Fortasse
645 2388 714 2432 hic
749 2391 896 2444 ,‚esse“
929 2390 1174 2433 adiunctum
1207 2394 1292 2444 est,
1339 2392 1388 2431 ut
1427 2389 1712 2444 „gloriosum“

191 2457 395 2500 maiorem
423 2458 507 2500 vim
537 2457 709 2500 habeat.
769 2457 1061 2512 „Gloriosum“
1093 2459 1204 2500 enim
1228 2457 1298 2499 hic
1323 2457 1404 2499 vim
1435 2459 1713 2514 comparativi

190 2524 335 2581 habet,
364 2527 436 2581 qui
466 2541 568 2569 usus
599 2526 716 2583 apud
732 2526 1000 2568 Ammianum
1030 2541 1159 2582 saepe
1189 2528 1403 2569 invenitur
1428 2528 1551 2579 (conf.
1569 2527 1710 2574 vales.

190 2593 249 2636 ad
277 2597 421 2637 XXVI
437 2598 476 2644 4,
501 2597 559 2649 1.)

332 2662 580 2716 Discrimen‚
613 2664 726 2719 quod
746 2665 858 2707 inter
886 2663 1133 2706 adiunctum
1150 2667 1193 2706 et
1210 2664 1411 2707 omissum
1441 2666 1589 2721 „esse“
1617 2664 1712 2709 Rei-

191 2732 259 2789 sig
287 2747 328 2788 p.
347 2738 429 2776 788
457 2733 585 2783 facit,
615 2734 719 2776 mihi
749 2734 948 2777 subtilius
976 2747 1104 2789 quam
1135 2734 1274 2776 verius
1305 2748 1398 2777 esse
1426 2735 1604 2778 videtur.
1661 2735 1711 2777 In

191 2801 417 2846 Ammiano
441 2802 613 2858 quidem
641 2802 749 2845 illud
780 2803 977 2859 cognosci
1007 2816 1091 2846 non
1121 2805 1275 2858 potest.
1341 2801 1423 2845 Sed
1451 2808 1593 2846 utrum
1613 2803 1710 2846 Am-

191 2870 359 2915 mianus
387 2871 584 2915 omnibus
614 2870 684 2914 hic
715 2871 820 2915 locis
847 2878 993 2923 „esse“
1036 2871 1228 2915 omiserit
1258 2885 1314 2914 an
1340 2872 1606 2915 accusativus
1636 2872 1710 2916 ad-
