1901 3153
924 161 977 200 16

184 286 252 339 11,
267 285 291 323 2
321 280 449 324 XXV
466 284 505 337 1,
521 285 547 324 8
567 279 717 324 XXVI
737 284 777 338 3,
794 285 818 324 3
848 281 1020 327 XXVII
1035 287 1111 340 3,2
1142 283 1336 329 XXVIII
1354 289 1392 343 1,
1415 289 1482 342 26,
1498 286 1574 337 283
1606 288 1646 338 3,
1663 289 1701 328 8.

181 379 239 387 -
269 353 384 408 quod
413 352 567 395 XXIX
589 357 628 408 2,
647 356 713 395 17.

318 434 550 478 Praeterea
576 434 708 476 XXII
730 438 797 490 14,
815 437 839 476 3
870 433 1105 479 insolenter
1131 437 1282 493 „cum“
1311 436 1471 481 dictum
1502 438 1584 480 est:
1616 434 1701 479 cul-

178 504 368 560 pabatur
399 518 494 547 cum
522 503 779 547 laetabatur.

320 584 514 640 Denique
544 583 693 640 paucis
722 583 855 628 verba
885 583 1115 628 affectuum
1145 586 1367 643 attingam.
1427 586 1555 642 Apud
1593 585 1701 630 haec

178 658 363 710 utraque
394 653 677 709 constructio,
719 668 806 697 acc.
835 668 869 697 c.
899 653 971 698 inf.
1005 658 1049 697 et
1088 655 1270 711 „quod“,
1310 655 1399 699 fere
1428 656 1608 712 pariter,
1652 659 1701 699 ut

177 723 294 779 apud
320 736 466 766 omnes
497 722 748 779 scriptores,
775 721 973 766 adhibita
1003 725 1078 766 est.
1139 722 1224 767 Sed
1260 724 1388 768 etiam
1418 723 1487 768 hic
1518 724 1699 767 Ammia-

176 810 257 838 nus
286 793 636 838 consuetudinem
670 791 840 835 dicendi
861 791 1120 836 Graecorum
1150 797 1349 837 accurate
1365 794 1567 850 sequitur,
1596 807 1700 836 nun-

177 877 303 919 quam
335 862 600 905 coniunctivo
629 861 714 903 nisi
744 864 936 917 tempore
963 862 1197 917 praeterito
1226 862 1505 905 antecedente
1534 866 1668 905 utens.

315 943 555 988 Infinitivus
583 945 725 985 exstat
752 941 821 984 his
859 942 987 985 locis:

316 1028 399 1072 XV
416 1032 455 1083 5,
470 1033 519 1069 2:
549 1039 676 1081 quem
698 1038 923 1082 superesse
942 1025 1202 1081 gravabatur
1230 1025 1335 1069 XVI
1352 1028 1390 1082 5,
1414 1030 1487 1069 14:
1516 1025 1569 1070 ob
1589 1039 1698 1081 quae

172 1102 379 1154 tanquam
408 1097 539 1139 solem
572 1096 655 1138 sibi
684 1095 898 1137 affulsisse
917 1095 1191 1137 laetabantur
1214 1095 1361 1138 XXIV
1382 1101 1421 1151 3,
1439 1101 1486 1137 7:
1513 1109 1617 1151 prae
1631 1110 1697 1138 me

173 1169 267 1214 fero
298 1171 341 1212 et
369 1167 529 1222 laetor,
570 1165 768 1209 ductores
800 1163 1137 1220 spectatissimos
1174 1177 1266 1207 esse
1302 1164 1522 1208 nobiscum
1548 1166 1697 1210 XXVI

174 1243 213 1295 2,
233 1243 281 1280 6:
323 1236 489 1279 exsulto
528 1239 571 1277 et
608 1234 804 1290 praefero
839 1247 917 1276 nec
956 1235 1148 1287 speranti
1176 1234 1279 1276 mihi
1312 1235 1516 1278 detulisse
1543 1237 1696 1279 XXXI

171 1308 241 1362 15,
259 1309 332 1347 13:
373 1317 480 1359 prae
502 1316 548 1346 se
575 1301 742 1345 ferebat
771 1301 1078 1357 aequiparasse
1105 1301 1232 1346 XXV
1248 1306 1288 1358 4,
1307 1306 1353 1345 2:
1398 1303 1606 1359 gauderet
1634 1305 1694 1348 ef·

167 1375 330 1431 fugisse
359 1372 553 1416 XXVIII
578 1374 617 1427 5,
636 1376 684 1413 7:
713 1384 799 1413 non
829 1370 938 1413 feret
969 1371 1145 1427 indigne
1160 1385 1330 1414 manum
1347 1377 1516 1427 captam
1543 1374 1694 1416 XXIX

169 1453 209 1505 2,
229 1452 305 1490 17:
361 1448 409 1489 ut
458 1456 589 1500 aegre
641 1440 773 1485 ferret
819 1454 1053 1497 poenarum
1102 1442 1373 1485 atrocitatem
1422 1457 1515 1486 cum
1557 1447 1693 1489 morte

163 1518 292 1563 finiri.

307 1586 458 1629 Gemo:
487 1584 571 1626 XV
592 1587 630 1639 2,
656 1587 681 1625 3
722 1581 876 1624 XXIX
895 1584 1001 1637 5‚55
1046 1595 1224 1636 queror:
1262 1583 1367 1627 XVI
1383 1587 1421 1640 5,
1450 1589 1523 1641 123
1562 1586 1692 1630 XXII

167 1662 206 1713 9,
222 1662 247 1700 8
279 1655 451 1698 XXVII
469 1658 508 1709 7,
531 1656 569 1695 5.

304 1722 430 1765 XXV
449 1725 488 1776 8,
513 1723 565 1762 17
599 1717 853 1762 erubescens
879 1731 925 1760 se
955 1720 1112 1773 agente
1143 1718 1258 1761 tradi
1288 1719 1428 1776 piget:
1459 1721 1564 1764 XIV
1577 1726 1615 1778 8,
1636 1724 1687 1764 15

164 1792 360 1836 XXVIII
387 1793 423 1846 1,
442 1795 466 1832 2
518 1788 655 1844 pudet
695 1788 824 1830 XXII
845 1792 886 1842 4,
905 1792 928 1829 6
968 1788 1116 1831 XXIV
1136 1792 1175 1843 3,
1193 1792 1217 1830 5
1264 1789 1391 1833 XXV
1408 1794 1515 1846 3,19
1555 1795 1689 1834 XXIX

164 1863 186 1906 1
220 1866 287 1906 20.

173 1897 203 1925 ’,
302 1926 496 1985 poenitet
524 1928 624 1967 XIV
644 1927 754 1979 6,12.

304 1995 418 2053 quod
446 1993 661 2038 invenitur
688 1992 756 2035 his
780 1992 907 2035 locis:

298 2063 482 2107 Laetus:
513 2066 612 2104 XVI
639 2064 702 2116 11,
723 2065 743 2102 1
775 2065 912 2102 XXIV
931 2063 968 2115 l,
985 2063 1050 2102 15.
1081 2074 1185 2116 prae
1208 2074 1275 2103 me
1296 2060 1386 2104 fero
1411 2066 1504 2104 XXI
1523 2065 1595 2118 5,5
1613 2076 1686 2105 an-

160 2134 231 2178 xie
256 2132 347 2177 fero
390 2136 491 2176 XVI
511 2134 578 2187 12,
598 2135 643 2187 6,
679 2143 816 2186 angor
844 2133 942 2173 XIV
964 2133 1002 2186 2,
1023 2134 1087 2173 19.
1124 2144 1291 2174 maereo
1324 2136 1418 2174 XIX
1435 2136 1474 2189 3,
1496 2137 1517 2173 1
1550 2137 1686 2175 XXIV

162 2209 244 2262 7,8
275 2208 407 2247 XXXI
430 2206 564 2258 13,16
603 2214 758 2256 queror
797 2204 896 2242 XVI
927 2204 993 2255 10,
1026 2204 1078 2242 17
1112 2205 1285 2243 XXVIII
1311 2205 1351 2256 4,
1383 2205 1435 2243 18
1478 2201 1685 2245 illacrimo

159 2278 279 2320 XXII
301 2279 340 2329 9,
357 2277 384 2315 4
406 2272 569 2328 gratias
588 2269 814 2326 perhibeo:
846 2274 983 2313 XXIV
1002 2273 1042 2326 4,
1060 2274 1112 2312 21
1141 2270 1325 2314 alacrior
1348 2274 1444 2313 XIX
1464 2275 1530 2327 11,
1548 2275 1572 2313 2
1599 2271 1682 2315 ela-

157 2343 243 2386 tior
271 2342 405 2394 XXII,
428 2342 502 2394 9,1
534 2341 722 2379 maestus
752 2341 890 2379 XVIII
905 2340 945 2392 4,
963 2341 1030 2378 21.

298 2418 603 2464 Coniunctivus
633 2420 774 2460 exstat
802 2416 869 2460 his
895 2416 1023 2461 locis:

298 2505 377 2545 XV
397 2505 436 2557 3,
457 2505 506 2543 6:
538 2498 760 2543 maerebat
790 2497 905 2541 docti
934 2497 1128 2554 quidam,
1160 2496 1275 2552 quod
1297 2496 1390 2540 nati
1420 2509 1506 2540 non
1540 2499 1685 2541 essent

157 2574 257 2614 XIV
277 2574 301 2612 7
307 2602 316 2621 ,
333 2572 410 2611 14:
441 2568 579 2611 iratus
605 2567 818 2621 nimirum,
848 2565 964 2620 quod
982 2565 1188 2609 custodiri
1210 2564 1408 2608 iusserim
1436 2569 1512 2608 XX
1528 2568 1680 2621 11,31:

156 2652 287 2713 suger
314 2637 383 2681 his
412 2637 567 2681 urebat
599 2636 690 2680 eius
721 2640 921 2691 mentem,
952 2634 1067 2690 quod
1095 2634 1244 2678 irritus
1263 2634 1475 2691 propositi
1498 2637 1681 2678 reverte·

153 2713 275 2753 retur
304 2713 380 2751 XX
399 2712 440 2759 4,
460 2712 512 2750 13
551 2707 704 2750 maesti
746 2705 860 2760 quod
896 2718 969 2748 eos
1009 2703 1181 2747 fortuna
1211 2704 1422 2758 quaedam
1449 2704 1681 2748 inclemens

154 2777 401 2888 dmpargzffi
429 2844 562 2901 igitur
593 2857 646 2887 ex
674 2842 742 2886 his
771 2842 897 2886 dictis
927 2841 1118 2898 intellegi
1144 2840 1294 2897 possit,
1325 2854 1452 2896 quam
1480 2845 1680 2887 accurate

150 2915 403 2958 Ammianus
430 2914 475 2956 in
503 2927 584 2956 usu
613 2912 837 2956 modorum
866 2910 1220 2955 consuetudinum
1238 2909 1408 2953 dicendi
1420 2909 1679 2955 Graecorum
