1901 3153
932 169 987 209 39

275 274 427 321 xxm
446 281 484 328 6,
501 279 555 320 35
585 279 680 326 erat
707 278 923 335 piaculum
947 292 1047 323 aras
1077 280 1208 324 adires

273 356 404 401 XXII
420 362 458 407 2,
475 362 500 400 5
542 359 704 402 somnio
741 360 917 416 propius
947 360 1191 412 videbatur,
1225 359 1419 404 adultum
1447 361 1589 408 adhuc
1617 365 1729 411 iuve-

213 435 312 466 nem
357 450 394 456 —-
424 428 577 469 cuncta
620 426 789 470 facilius
819 441 1051 484 occupasse
1089 429 1220 472 XXX
1240 434 1278 481 8,
1303 434 1327 472 9
1364 443 1442 474 nec
1470 431 1612 477 aliena
1640 448 1727 479 non

164 537 186 557 ⁹
212 504 366 547 rapere
395 493 536 536 laudis
562 497 639 537 est.

350 570 544 627 Denique
572 572 643 616 hic
670 572 798 616 etiam
829 573 949 628 „est“
978 587 1070 616 cum
1100 572 1309 616 infinitivo
1339 575 1628 635 coniunctum,
1670 580 1724 623 si-

212 639 419 695 gnificans
460 641 672 698 „officium
706 642 812 699 est,“
865 642 1009 686 afferri
1037 646 1189 698 potest.
1239 643 1365 687 XXII
1383 649 1420 697 7,
1439 649 1464 688 5
1514 660 1599 690 non
1628 662 1724 694 esse

208 708 539 765 imperatorium,
567 711 749 766 obliquis
776 710 891 755 flecti
918 712 1099 755 indiciis.

269 788 415 832 XXIX
437 794 475 839 2,
495 794 548 832 18
578 791 680 833 boni
710 804 805 833 esse
833 791 1135 835 moderatoris.
1166 791 1424 848 restringere
1453 798 1722 848 potestatem.

371 939 416 983 C.
450 940 784 984 Infinitivus
812 942 906 996 qui
932 941 1133 997 pendet
1163 956 1221 986 ex
1248 943 1552 988 adiectivis.

266 1023 298 1065 I.
329 1022 609 1066 Adiectiva
638 1037 751 1066 cum
779 1024 948 1068 verbo
976 1024 1326 1068 substantivo
1357 1026 1662 1070 coniuncta.

261 1131 495 1175 Arduum
526 1136 591 1177 est
619 1132 745 1176 XVII
763 1137 828 1184 13,
849 1138 900 1176 19
930 1132 1078 1176 XXIX
1098 1137 1136 1190 1,
1156 1138 1225 1176 40.

261 1214 528 1258 arrogans
554 1206 619 1244 est
647 1202 771 1244 XVII
792 1206 856 1253 13,
874 1206 928 1244 33
959 1216 1013 1245 ne
1044 1203 1101 1244 sit
1128 1215 1337 1257 arrogans
1367 1202 1521 1246 dicere.

261 1283 487 1325 aequum
515 1274 581 1314 est
609 1271 695 1313 XX
712 1274 790 1319 5,5
821 1271 973 1313 XXIX
988 1275 1026 1323 3,
1048 1276 1072 1314 9
1103 1271 1229 1314 XXV
1249 1276 1287 1322 9,
1305 1275 1344 1315 7.

258 1340 693 1395 antiquissimum
727 1340 852 1382 XXX
869 1345 1004 1391 11,13
1045 1340 1388 1395 antiquissimum
1425 1340 1614 1383 omnium
1649 1354 1716 1384 ra-

199 1412 270 1452 tus
296 1423 391 1452 eum
419 1410 565 1452 iuvare
592 1409 745 1452 XXIII
761 1413 798 1460 5,
822 1413 888 1451 15.

244 1489 516 1539 ‚absonum
548 1493 592 1532 et
617 1489 820 1532 indecens
847 1492 913 1532 est
935 1502 969 1532 c.
1000 1488 1076 1531 Inf.
1103 1487 1228 1531 XVII
1245 1492 1283 1539 5,
1300 1492 1365 1531 13.

258 1561 475 1602 cautum
506 1557 652 1601 XVIII
671 1563 710 1615 8,
728 1562 755 1601 4
784 1571 864 1601 nec
890 1557 1036 1614 fugam
1069 1570 1294 1613 capessere
1309 1569 1389 1600 nec
1403 1555 1605 1614 congredi
1619 1569 1716 1600 cau-

197 1634 289 1673 tum
318 1631 610 1673 existimantes
638 1631 747 1673 XIX
766 1635 803 1681 6,
822 1634 846 1672 8
873 1629 1005 1672 XXII
1038 1634 1075 1678 1,
1094 1633 1131 1671 3.

257 1713 352 1744 con
366 1700 584 1744 veniens
606 1700 714 1744 XXI
732 1704 798 1752 12,
821 1703 848 1741 4
890 1698 1141 1743 conveniens
1184 1698 1320 1740 visum
1364 1699 1431 1740 est
1472 1695 1719 1741 defensores

198 1770 448 1880 angi—sedam
479 1836 713 1888 XXX113,
732 1841 802 1879 17.
841 1837 1242 1879 consentaneum
1258 1836 1324 1876 est
1354 1831 1476 1876 XVII
1493 1837 1598 1886 10,9
1629 1833 1716 1876 XX

202 1906 243 1958 8,
262 1911 316 1948 14
345 1907 475 1950 XXII
491 1912 528 1955 9,
552 1912 603 1948 17
635 1905 762 1948 XXX
778 1911 815 1957 9,
837 1910 857 1947 1
890 1905 1039 1947 XXXI
1057 1909 1174 1961 2,12.

258 1975 390 2032 dign
404 1989 480 2019 um
508 1979 574 2019 est
602 1975 755 2018 XXXI
776 1980 814 2026 9,
831 1979 855 2017 3
888 1975 924 2017 si
942 1974 1117 2030 dignum
1135 1976 1201 2017 est
1230 1973 1315 2016 dici
1342 1972 1466 2016 XVII
1483 1977 1549 2025 11,
1566 1976 1591 2015 5
1611 1972 1718 2016 XXI

195 2049 345 2156 3'5non
392 2113 617 2156 dubium
666 2116 732 2155 est
776 2112 963 2162 XX113,
983 2116 1036 2154 14
1082 2126 1161 2155 nec
1190 2112 1366 2156 dubium
1401 2112 1559 2155 ferrum
1586 2112 1717 2168 impie

196 2186 504 2240 praeparatum
547 2181 604 2225 ad
649 2195 794 2225 eorum
841 2181 1061 2225 interitum
1103 2181 1364 2225 vertendum.

255 2262 503 2304 deforme
533 2266 599 2303 est
628 2262 780 2304 XXIX
800 2267 837 2312 2,
864 2267 915 2303 12
946 2262 1053 2304 nihil
1083 2263 1139 2304 sit
1163 2266 1252 2304 tam
1280 2262 1479 2314 deforme,
1509 2276 1635 2316 quam
1656 2262 1716 2306 ad

201 2331 339 2375 ardua
384 2331 552 2387 imperii
596 2332 824 2388 supercilia
854 2332 984 2375 etiam
1024 2330 1302 2374 acerbitatem
1329 2336 1510 2376 naturae
1538 2331 1725 2389 adiungi-

196 2402 499 2458 gloriosum
529 2401 616 2443 XX
629 2406 667 2453 4,
685 2406 710 2443 8
756 2402 917 2444 incon
932 2415 1112 2456 gruum
1144 2404 1188 2443 et
1215 2400 1450 2444 absurdum
1477 2399 1556 2443 XV
1575 2405 1640 2448 11,
1659 2405 1712 2443 16

193 2470 249 2512 in
264 2469 522 2513 decorum
554 2473 598 2512 et
626 2469 708 2512 vile
738 2469 862 2512 XVII
884 2473 923 2525 5,
940 2474 963 2511 9
1008 2469 1443 2525 intempestivum
1482 2469 1583 2513 XIV
1600 2474 1640 2521 2,
1660 2474 1712 2512 17

189 2537 275 2583 rati
301 2537 347 2582 in
377 2537 676 2593 tempestivum
705 2550 863 2593 anceps
894 2539 1121 2580 certamen.

245 2607 454 2650 iustum
483 2606 631 2649 XXIII
657 2612 693 2658 6,
713 2607 770 2649 34
793 2607 952 2649 iustum
980 2610 1046 2649 est
1075 2606 1203 2649 credi.

245 2674 437 2719 mirum
465 2677 532 2717 est
560 2674 665 2717 XIV
685 2678 722 2718 6.
742 2675 796 2716 26
827 2673 1017 2717 XXVIII
1040 2678 1077 2724 3,
1094 2677 1131 2717 8.

245 2756 275 2785 n
287 2757 436 2788 ovum
466 2743 619 2787 XXIII
644 2748 681 2795 1,
700 2747 722 2786 1
760 2742 988 2788 videbatur
1022 2756 1177 2786 novum
1215 2741 1463 2786 adiunctum
1502 2753 1596 2785 esse
1625 2739 1709 2784 Au-

192 2815 318 2870 gusto
346 2814 571 2870 privatum.

245 2889 306 2935 ob
321 2903 477 2933 scuru
493 2904 533 2933 m
559 2892 602 2933 et
632 2889 842 2933 incertum
872 2892 939 2933 est
966 2889 1119 2933 XXXI
1139 2893 1180 2941 4,
1194 2893 1232 2931 6.
