1901 3153
938 202 992 243 30

198 322 231 353 c.
264 308 338 352 inf.
370 312 515 354 XVIII
542 315 580 367 6,
604 315 655 353 17
688 311 924 366 reperimus
951 311 1154 368 scriptam
1193 311 1251 356 ad
1287 324 1364 355 nos
1394 310 1575 368 perferri
1608 324 1725 355 man-

201 377 359 420 datam
419 378 520 421 Acc.
553 392 586 421 c.
612 377 686 420 inf.
715 378 845 421 activi
872 382 1020 422 XXIX
1040 384 1077 431 2,
1099 383 1150 422 15
1182 379 1387 434 quosdam
1413 379 1584 435 praeire
1608 392 1724 421 man·

198 444 325 489 davit.
358 449 455 489 XIV
472 451 537 498 11,
553 451 591 488 4·
624 446 767 490 Etiam
801 447 873 491 hic
896 449 1027 493 verbo
1061 455 1127 493 est
1155 448 1283 493 eundi
1312 450 1376 492 vis
1405 449 1607 493 subiecta.
1638 447 1723 492 Da-

195 514 308 558 tivus
337 529 546 570 personae
578 515 761 571 denique
796 517 1006 562 infinitivo
1047 523 1250 574 sequente
1279 518 1436 575 legitur
1468 522 1612 561 XXIII
1629 522 1668 574 3,
1684 521 1721 559 2.

256 596 368 648 „Uist
399 597 466 641 vel
494 603 601 655 „ne“
633 602 739 641 XIV
757 604 795 652 7,
814 604 837 643 9
867 604 970 646 XVI
988 606 1094 654 12,3
1123 604 1260 645 XVIII
1279 605 1317 652 3,
1334 605 1356 643 7
1390 604 1491 644 XIX
1511 604 1549 654 3,
1570 604 1594 642 2
1618 602 1723 641 XXI

196 669 298 720 4,2;
331 670 412 721 s,4
442 670 568 709 xxii
591 672 630 722 9,
650 672 702 709 17
735 672 880 711 xxm
902 673 981 721 3,5
1020 674 1143 711 xxv
1168 674 1205 721 s,
1227 674 1271 721 9;
1315 674 1382 724 10,
1406 674 1429 711 9
1461 672 1626 710 XXVII
1654 670 1720 719 12,

197 736 223 775 5
253 736 441 778 xxvm
468 739 576 787 6,17
609 739 757 779 ΧΧΙΧ
784 741 887 790 3,7;
925 742 1006 790 4,5
1038 743 1180 782 xxm
1207 741 1355 795 15,11.

335 825 448 870 Loco
491 829 616 870 XXII
641 832 678 879 6,
702 832 728 870 4
757 829 971 884 particula
1016 831 1121 885 ‚,ne“
1166 843 1251 872 non
1289 828 1449 871 directe
1493 839 1545 868 ex
1590 824 1720 867 verbo

196 894 474 944 „mandatum
512 899 602 939 est“
632 896 803 951 pendet,
844 899 916 942 sed
951 899 1124 942 verbum
1154 896 1408 942 observandi
1438 893 1720 950 supplendum

194 966 281 1005 est:
312 963 491 1020 Legitur
516 965 648 1007 enim:
682 967 957 1017 „mandatum
996 972 1062 1011 est
1091 968 1357 1024 navigiorum
1387 964 1615 1021 magistris,
1658 975 1713 1004 ne

193 1031 290 1085 quis
312 1032 595 1077 transfretare
622 1035 803 1079 auderet
825 1038 1103 1092 Aegyptium“
1130 1041 1288 1086 XXVI,
1314 1040 1351 1086 6,
1373 1040 1396 1077 2
1428 1032 1718 1077 coniunctivus

192 1101 308 1146 solus
348 1106 506 1147 exstat:
543 1104 800 1160 „mandarat
828 1120 906 1161 pro
946 1106 1208 1162 cognitorum
1246 1107 1394 1162 ageret
1431 1102 1576 1146 textu“

249 1184 468 1226 ordino:
500 1185 608 1227 Nom
655 1200 690 1227 c.
718 1185 791 1227 inf.
823 1191 925 1227 XIV
952 1190 991 1240 3,
1017 1191 1061 1227 1:
1118 1186 1337 1228 incursare
1366 1180 1717 1236 Mesopotamiam

191 1251 428 1296 ordinatus.
462 1279 516 1283 —
559 1254 657 1297 Acc.
688 1269 720 1297 c.
752 1254 825 1296 inl.
862 1256 989 1298 activi
1020 1258 1235 1310 XVII2,3
1279 1252 1517 1295 discurrere
1557 1247 1715 1290 flumen

190 1323 304 1365 ultro
333 1323 524 1377 citroque
555 1325 712 1367 milites
729 1325 953 1367 ordinavit.
1013 1325 1174 1367 Eodem
1199 1323 1326 1365 modo
1352 1323 1603 1369 XXV11112‚
1620 1318 1715 1360 7.-

190 1389 470 1447 Participium
501 1391 634 1435 futuri
663 1393 902 1437 adhibitum
935 1396 1000 1437 est
1030 1397 1145 1436 XXV
1151 1396 1218 1444 15,
1243 1396 1290 1434 2:
1332 1391 1376 1434 in
1407 1390 1622 1433 Orientem
1653 1400 1715 1430 se—

192 1464 368 1504 cuturus
397 1461 622 1504 Volentem
653 1463 875 1505 ordinatus
914 1467 979 1505 est
1008 1463 1168 1505 Victor.

251 1538 469 1582 sancio:
501 1539 598 1584 Acc.
630 1554 664 1584 c.
696 1539 770 1584 iuf.
804 1555 866 1597 p.:
904 1545 1067 1585 XXVII
1094 1544 1197 1597 6,7:
1230 1551 1367 1595 „quae
1400 1536 1494 1580 fieri
1523 1534 1715 1579 caritatis

191 1610 390 1652 sanciunt
418 1611 526 1653 iura.

254 1688 413 1733 edico
444 1704 477 1734 c.
507 1690 581 1734 inf.
610 1695 692 1734 XX
723 1696 761 1742 4,
788 1695 862 1733 13:
895 1695 1040 1747 petere
1073 1691 1217 1734 edixit.
1248 1716 1300 1722 -—
1331 1689 1433 1746 „ut“
1462 1691 1547 1729 XX
1568 1690 1604 1730 5.
1630 1691 1651 1728 1

249 1783 349 1824 pro
366 1771 580 1813 nuntio:
608 1770 728 1813 Nom.
761 1785 792 1813 c.
810 1770 881 1813 inf.
914 1776 990 1813 XV
1015 1775 1053 1825 3,
1075 1775 1123 1811 11
1159 1769 1429 1825 pronunciati
1456 1771 1622 1810 vertere
1649 1779 1713 1809 so-

187 1836 290 1882 lum.
351 1841 532 1880 XXVIII
568 1842 606 1896 1,
638 1842 704 1882 56.
735 1864 783 1871 -
813 1838 907 1882 Acc.
948 1853 981 1881 c.
1019 1837 1092 1880 inf.
1123 1852 1164 1893 p.
1206 1840 1374 1880 XXVII
1409 1840 1444 1888 7,
1473 1840 1498 1878 8
1530 1832 1712 1878 interfici

190 1906 349 1951 debere
391 1908 719 1963 pronunciabat.

248 1997 454 2040 scribo:
499 1998 672 2052 Ubique
712 1998 811 2053 „ut“
853 1998 1065 2050 sequitur:
1105 2000 1290 2039 XXVIII
1318 2000 1356 2051 5,
1380 2000 1432 2037 10
1461 1999 1581 2038 XXX
1595 2000 1630 2044 1,
1656 1999 1709 2037 22

195 2067 388 2116 XXI112,
404 2069 449 2119 5;
472 2066 573 2109 item
591 2070 711 2110 XXV
729 2070 794 2119 10,
814 2070 836 2108 9
861 2065 1001 2109 ferens
1020 2065 1187 2109 litteras
1212 2068 1260 2108 ut
1285 2068 1452 2122 ageret,
1472 2063 1710 2112 rescribo

194 2134 337 2174 autem
368 2147 462 2176 cum
501 2148 586 2178 acc.
632 2149 666 2178 c,
708 2133 780 2177 inf.
822 2149 862 2189 p.
895 2133 1163 2177 coniunctum
1193 2136 1334 2176 exstat
1362 2133 1555 2175 XXVIII
1583 2137 1619 2181 1,
1642 2135 1709 2176 51:

189 2199 329 2242 oravit
357 2199 546 2256 impense
584 2205 632 2244 ut
661 2202 968 2245 rescriberetur
998 2215 1093 2245 eum
1121 2200 1268 2245 occidi.

243 2289 561 2346 praecipio:
594 2292 714 2336 Nom.
752 2307 786 2335 c.
823 2292 896 2335 inf.
933 2296 1014 2334 XV
1041 2297 1078 2344 3,
1104 2297 1127 2335 9
1168 2292 1213 2335 id
1244 2291 1358 2346 quod
1392 2288 1550 2346 agebat
1579 2290 1710 2333 conti·

185 2372 319 2403 nuare
348 2363 606 2416 praeceptus
646 2365 721 2405 est.
789 2366 865 2405 XV
888 2367 926 2419 7,
947 2366 971 2405 6
1003 2365 1110 2403 XVI
1125 2365 1202 2415 2,8
1243 2364 1353 2412 XIX,
1377 2363 1444 2415 12,
1469 2363 1492 2401 9
1527 2362 1605 2400 XX
1626 2362 1707 2415 4,6

185 2432 289 2471 XXI
308 2434 374 2479 10,
395 2435 418 2472 6
448 2433 578 2470 XXII
594 2434 632 2480 4,
648 2435 671 2471 9
695 2435 809 2473 XXV
828 2437 865 2481 9,
884 2437 907 2473 2
935 2435 1099 2474 XXVII
1114 2436 1152 2481 7,
1172 2436 1195 2473 6
1223 2434 1407 2472 XXVIII
1427 2435 1463 2479 6,
1485 2434 1537 2470 27
1570 2432 1709 2470 XXIX

188 2501 316 2551 1‚44;
348 2502 386 2550 3,
407 2501 458 2552 5;
490 2501 529 2555 5,
549 2503 587 2543 9.
649 2497 747 2543 Acc.
779 2513 812 2542 c.
841 2499 913 2543 inf.
942 2516 981 2556 p.
1012 2504 1116 2542 XIV
1139 2504 1174 2553 9,
1196 2503 1219 2542 6
1262 2502 1467 2554 tanquam
1497 2496 1708 2540 obtrecta-

183 2571 321 2613 torem
360 2568 654 2612 excarnificari
700 2569 930 2624 praecepit.
973 2574 1055 2611 XV
1077 2575 1114 2620 2,
1140 2575 1184 2621 63
1231 2573 1269 2624 5,
1289 2573 1364 2620 133
1401 2574 1439 2623 7,
1459 2572 1542 2623 2,4
1582 2571 1709 2609 XVII

185 2644 223 2691 1,
245 2643 270 2683 2
304 2642 447 2682 XVIII
467 2643 531 2692 10,
550 2638 578 2682 4
608 2643 708 2683 ΧΧΙ
732 2644 799 2697 16,
822 2644 872 2682 11
917 2642 1057 2682 XXIII
1083 2642 1121 2691 5,
1145 2643 1169 2682 5
1203 2641 1383 2682 XXVIII
1411 2643 1448 2691 6,
1471 2641 1524 2682 22
1556 2641 1707 2681 XXIX

185 2714 223 2762 2,
248 2714 320 2764 10;
352 2712 390 2762 3,
409 2713 450 2751 4.

321 2799 417 2844 Uno
452 2800 545 2843 loco
582 2804 688 2844 XXI
718 2806 756 2852 6,
781 2807 804 2844 9
845 2802 1014 2846 dativus
1052 2800 1263 2845 infinitivo
1299 2803 1504 2855 sequente
1544 2804 1706 2845 exstat:

188 2883 307 2924 „cum
350 2870 389 2912 ei
429 2870 699 2913 innocentem
738 2873 938 2926 torquere
966 2870 1295 2927 praecepisset.⁸‘
1367 2868 1559 2923 Reliquis
1602 2868 1706 2912 locis

182 2952 273 2987 acc.
307 2954 341 2984 c.
373 2938 448 2984 inf.
478 2938 607 2984 activi
637 2938 854 2985 adhibitus
887 2944 969 2995 est,
1009 2940 1085 2985 sed
1116 2939 1275 2996 ubique
1304 2937 1479 2984 verbum
1505 2937 1705 2984 intransi-
