<?xml version="1.0" encoding="UTF-8"?>
<!DOCTYPE html PUBLIC "-//W3C//DTD XHTML 1.0 Transitional//EN"
    "http://www.w3.org/TR/xhtml1/DTD/xhtml1-transitional.dtd">
<html xmlns="http://www.w3.org/1999/xhtml" xml:lang="en" lang="en">
 <head>
  <title>
</title>
<meta http-equiv="Content-Type" content="text/html;charset=utf-8" />
  <meta name='ocr-system' content='tesseract 3.04.00' />
  <meta name='ocr-capabilities' content='ocr_page ocr_carea ocr_par ocr_line ocrx_word'/>
</head>
<body>
  <div class='ocr_page' id='page_1' title='image "./4626094_0030.png"; bbox 0 0 1901 3153; ppageno 0'>
   <div class='ocr_carea' id='block_1_1' title="bbox 924 144 979 182">
    <p class='ocr_par' dir='ltr' id='par_1_1' title="bbox 924 144 979 182">
     <span class='ocr_line' id='line_1_1' title="bbox 924 144 979 182; baseline 0 0"><span class='ocrx_word' id='word_1_1' title='bbox 924 144 979 182; x_wconf 86' lang='lat'>20</span> 
     </span>
    </p>
   </div>
   <div class='ocr_carea' id='block_1_2' title="bbox 177 253 1709 2931">
    <p class='ocr_par' dir='ltr' id='par_1_2' title="bbox 183 253 1709 378">
     <span class='ocr_line' id='line_1_2' title="bbox 184 253 1709 310; baseline -0.001 -12"><span class='ocrx_word' id='word_1_2' title='bbox 184 254 264 298; x_wconf 91' lang='lat' dir='ltr'>XV</span> <span class='ocrx_word' id='word_1_3' title='bbox 293 257 376 307; x_wconf 91' lang='grc'>8,1</span> <span class='ocrx_word' id='word_1_4' title='bbox 404 253 568 310; x_wconf 89' lang='lat' dir='ltr'>reperit</span> <span class='ocrx_word' id='word_1_5' title='bbox 595 253 771 298; x_wconf 89' lang='lat' dir='ltr'>tandem</span> <span class='ocrx_word' id='word_1_6' title='bbox 804 253 1025 297; x_wconf 90' lang='lat' dir='ltr'>consilium</span> <span class='ocrx_word' id='word_1_7' title='bbox 1050 256 1229 307; x_wconf 89' lang='lat' dir='ltr'>rectum,</span> <span class='ocrx_word' id='word_1_8' title='bbox 1259 257 1302 298; x_wconf 89' lang='lat' dir='ltr'>et</span> <span class='ocrx_word' id='word_1_9' title='bbox 1331 254 1553 299; x_wconf 88' lang='lat' dir='ltr'>Iulianum</span> <span class='ocrx_word' id='word_1_10' title='bbox 1570 253 1615 298; x_wconf 91' lang='lat' dir='ltr'>in</span> <span class='ocrx_word' id='word_1_11' title='bbox 1645 265 1709 297; x_wconf 88' lang='lat' dir='ltr'>so-</span> 
     </span>
     <span class='ocr_line' id='line_1_3' title="bbox 183 322 969 378; baseline -0.003 -12"><span class='ocrx_word' id='word_1_12' title='bbox 183 325 383 366; x_wconf 87' lang='lat' dir='ltr'>cietatem</span> <span class='ocrx_word' id='word_1_13' title='bbox 409 324 622 366; x_wconf 85' lang='lat' dir='ltr'>asciscere</span> <span class='ocrx_word' id='word_1_14' title='bbox 653 322 884 378; x_wconf 79' lang='lat' dir='ltr'>cogitabat.</span> <span class='ocrx_word' id='word_1_15' title='bbox 914 348 969 354; x_wconf 87' lang='lat'>--</span> 
     </span>
    </p>

    <p class='ocr_par' dir='ltr' id='par_1_3' title="bbox 183 388 1709 723">
     <span class='ocr_line' id='line_1_4' title="bbox 323 388 1709 446; baseline 0 -14"><span class='ocrx_word' id='word_1_16' title='bbox 323 388 478 443; x_wconf 88' lang='lat' dir='ltr'>XVIII,</span> <span class='ocrx_word' id='word_1_17' title='bbox 511 394 549 441; x_wconf 85' lang='lat'>6,</span> <span class='ocrx_word' id='word_1_18' title='bbox 573 393 597 432; x_wconf 85' lang='lat'>5</span> <span class='ocrx_word' id='word_1_19' title='bbox 632 390 795 444; x_wconf 90' lang='lat' dir='ltr'>scripta</span> <span class='ocrx_word' id='word_1_20' title='bbox 823 390 1089 446; x_wconf 84' lang='lat' dir='ltr'><strong>suscepimus</strong></span> <span class='ocrx_word' id='word_1_21' title='bbox 1118 389 1310 433; x_wconf 87' lang='lat' dir='ltr'>iubentia</span> <span class='ocrx_word' id='word_1_22' title='bbox 1336 389 1493 433; x_wconf 86' lang='lat' dir='ltr'>reverti</span> <span class='ocrx_word' id='word_1_23' title='bbox 1515 389 1709 445; x_wconf 89' lang='lat' dir='ltr'>Mesopo·</span> 
     </span>
     <span class='ocr_line' id='line_1_5' title="bbox 193 459 1709 514; baseline 0 -13"><span class='ocrx_word' id='word_1_24' title='bbox 193 459 372 501; x_wconf 87' lang='lat' dir='ltr'>tamiam</span> <span class='ocrx_word' id='word_1_25' title='bbox 413 459 505 501; x_wconf 92' lang='lat' dir='ltr'>sine</span> <span class='ocrx_word' id='word_1_26' title='bbox 534 459 825 514; x_wconf 80' lang='lat' dir='ltr'>apparitione,</span> <span class='ocrx_word' id='word_1_27' title='bbox 855 459 1015 502; x_wconf 90' lang='lat' dir='ltr'>nullam</span> <span class='ocrx_word' id='word_1_28' title='bbox 1044 459 1356 514; x_wconf 88' lang='lat' dir='ltr'>expeditionem</span> <span class='ocrx_word' id='word_1_29' title='bbox 1386 459 1574 503; x_wconf 86' lang='lat' dir='ltr'>curaturi</span> <span class='ocrx_word' id='word_1_30' title='bbox 1600 459 1709 514; x_wconf 89' lang='lat' dir='ltr'>peri·-</span> 
     </span>
     <span class='ocr_line' id='line_1_6' title="bbox 196 523 1708 581; baseline 0.001 -10"><span class='ocrx_word' id='word_1_31' title='bbox 196 528 424 571; x_wconf 83' lang='lat' dir='ltr'>culosam.“</span> <span class='ocrx_word' id='word_1_32' title='bbox 483 523 565 571; x_wconf 90' lang='lat' dir='ltr'>Hic</span> <span class='ocrx_word' id='word_1_33' title='bbox 593 528 879 571; x_wconf 81' lang='lat' dir='ltr'>nominativus</span> <span class='ocrx_word' id='word_1_34' title='bbox 910 528 1155 581; x_wconf 87' lang='lat' dir='ltr'>„curaturi·‘</span> <span class='ocrx_word' id='word_1_35' title='bbox 1186 543 1281 572; x_wconf 89' lang='lat' dir='ltr'>cum</span> <span class='ocrx_word' id='word_1_36' title='bbox 1307 530 1435 574; x_wconf 86' lang='lat' dir='ltr'>verbo</span> <span class='ocrx_word' id='word_1_37' title='bbox 1463 529 1583 573; x_wconf 90' lang='lat' dir='ltr'>finito</span> <span class='ocrx_word' id='word_1_38' title='bbox 1613 543 1708 573; x_wconf 89' lang='lat' dir='ltr'>con-</span> 
     </span>
     <span class='ocr_line' id='line_1_7' title="bbox 187 597 1709 656; baseline 0.002 -17"><span class='ocrx_word' id='word_1_39' title='bbox 187 597 358 640; x_wconf 81' lang='lat' dir='ltr'>iunctus</span> <span class='ocrx_word' id='word_1_40' title='bbox 391 599 473 647; x_wconf 88' lang='lat' dir='ltr'>est,</span> <span class='ocrx_word' id='word_1_41' title='bbox 502 611 597 640; x_wconf 92' lang='lat' dir='ltr'>cum</span> <span class='ocrx_word' id='word_1_42' title='bbox 633 597 691 640; x_wconf 86' lang='lat' dir='ltr'>ad</span> <span class='ocrx_word' id='word_1_43' title='bbox 720 597 977 640; x_wconf 89' lang='lat' dir='ltr'>infinitivum</span> <span class='ocrx_word' id='word_1_44' title='bbox 1008 612 1061 641; x_wconf 87' lang='lat' dir='ltr'>ex</span> <span class='ocrx_word' id='word_1_45' title='bbox 1086 598 1215 642; x_wconf 87' lang='lat' dir='ltr'>verbo</span> <span class='ocrx_word' id='word_1_46' title='bbox 1245 599 1422 642; x_wconf 90' lang='lat' dir='ltr'>iubendi</span> <span class='ocrx_word' id='word_1_47' title='bbox 1452 600 1709 656; x_wconf 85' lang='lat' dir='ltr'>pendentem</span> 
     </span>
     <span class='ocr_line' id='line_1_8' title="bbox 183 666 410 723; baseline 0 -14"><span class='ocrx_word' id='word_1_48' title='bbox 183 666 410 723; x_wconf 85' lang='lat' dir='ltr'>pertineat.</span> 
     </span>
    </p>

    <p class='ocr_par' dir='ltr' id='par_1_4' title="bbox 185 735 1709 998">
     <span class='ocr_line' id='line_1_9' title="bbox 322 735 1708 793; baseline 0.001 -14"><span class='ocrx_word' id='word_1_49' title='bbox 322 735 409 779; x_wconf 86' lang='lat' dir='ltr'>Sed</span> <span class='ocrx_word' id='word_1_50' title='bbox 437 735 571 778; x_wconf 88' lang='lat' dir='ltr'>multo</span> <span class='ocrx_word' id='word_1_51' title='bbox 600 735 854 779; x_wconf 89' lang='lat' dir='ltr'>insolentius</span> <span class='ocrx_word' id='word_1_52' title='bbox 886 736 1046 779; x_wconf 90' lang='lat' dir='ltr'>dictum</span> <span class='ocrx_word' id='word_1_53' title='bbox 1079 740 1144 779; x_wconf 88' lang='lat' dir='ltr'>est</span> <span class='ocrx_word' id='word_1_54' title='bbox 1173 736 1357 780; x_wconf 86' lang='lat' dir='ltr'>XXVIII</span> <span class='ocrx_word' id='word_1_55' title='bbox 1387 743 1426 789; x_wconf 91' lang='lat'>4,</span> <span class='ocrx_word' id='word_1_56' title='bbox 1451 741 1527 782; x_wconf 79' lang='lat'>17:</span> <span class='ocrx_word' id='word_1_57' title='bbox 1560 751 1708 793; x_wconf 87' lang='lat' dir='ltr'>„expe-</span> 
     </span>
     <span class='ocr_line' id='line_1_10' title="bbox 186 803 1709 862; baseline 0.003 -17"><span class='ocrx_word' id='word_1_58' title='bbox 186 803 250 846; x_wconf 89' lang='lat' dir='ltr'>dit</span> <span class='ocrx_word' id='word_1_59' title='bbox 279 804 506 860; x_wconf 88' lang='lat' dir='ltr'>peregrino</span> <span class='ocrx_word' id='word_1_60' title='bbox 551 803 793 847; x_wconf 89' lang='lat' dir='ltr'>interficere</span> <span class='ocrx_word' id='word_1_61' title='bbox 831 804 1008 848; x_wconf 86' lang='lat' dir='ltr'>fratrem</span> <span class='ocrx_word' id='word_1_62' title='bbox 1038 805 1265 849; x_wconf 89' lang='lat' dir='ltr'>cuiuslibet</span> <span class='ocrx_word' id='word_1_63' title='bbox 1293 820 1420 861; x_wconf 90' lang='lat' dir='ltr'>quam</span> <span class='ocrx_word' id='word_1_64' title='bbox 1448 808 1627 862; x_wconf 86' lang='lat' dir='ltr'>rogatus</span> <span class='ocrx_word' id='word_1_65' title='bbox 1652 804 1709 848; x_wconf 84' lang='lat' dir='ltr'>ad</span> 
     </span>
     <span class='ocr_line' id='line_1_11' title="bbox 185 872 1709 931; baseline 0.001 -16"><span class='ocrx_word' id='word_1_66' title='bbox 185 872 423 915; x_wconf 89' lang='lat' dir='ltr'>convivium</span> <span class='ocrx_word' id='word_1_67' title='bbox 467 878 712 931; x_wconf 86' lang='lat' dir='ltr'>excusare‚“</span> <span class='ocrx_word' id='word_1_68' title='bbox 744 887 827 928; x_wconf 93' lang='lat' dir='ltr'>quo</span> <span class='ocrx_word' id='word_1_69' title='bbox 866 874 958 917; x_wconf 92' lang='lat' dir='ltr'>loco</span> <span class='ocrx_word' id='word_1_70' title='bbox 996 875 1164 918; x_wconf 88' lang='lat' dir='ltr'>dativus</span> <span class='ocrx_word' id='word_1_71' title='bbox 1210 879 1286 918; x_wconf 91' lang='lat' dir='ltr'>aut</span> <span class='ocrx_word' id='word_1_72' title='bbox 1328 877 1594 919; x_wconf 88' lang='lat' dir='ltr'>accusativus</span> <span class='ocrx_word' id='word_1_73' title='bbox 1640 889 1709 918; x_wconf 85' lang='lat' dir='ltr'>ex-</span> 
     </span>
     <span class='ocr_line' id='line_1_12' title="bbox 186 944 420 998; baseline 0.013 -13"><span class='ocrx_word' id='word_1_74' title='bbox 186 944 420 998; x_wconf 86' lang='lat' dir='ltr'>spect-atur.</span> 
     </span>
    </p>

    <p class='ocr_par' dir='ltr' id='par_1_5' title="bbox 185 1012 1709 1274">
     <span class='ocr_line' id='line_1_13' title="bbox 325 1012 1706 1070; baseline 0.001 -15"><span class='ocrx_word' id='word_1_75' title='bbox 325 1012 623 1056; x_wconf 85' lang='lat' dir='ltr'>Nominativus</span> <span class='ocrx_word' id='word_1_76' title='bbox 655 1026 749 1055; x_wconf 91' lang='lat' dir='ltr'>cum</span> <span class='ocrx_word' id='word_1_77' title='bbox 780 1012 988 1056; x_wconf 87' lang='lat' dir='ltr'>infinitivo</span> <span class='ocrx_word' id='word_1_78' title='bbox 1020 1027 1114 1057; x_wconf 86' lang='lat' dir='ltr'>cum</span> <span class='ocrx_word' id='word_1_79' title='bbox 1140 1014 1270 1057; x_wconf 89' lang='lat' dir='ltr'>verbo</span> <span class='ocrx_word' id='word_1_80' title='bbox 1309 1013 1432 1057; x_wconf 89' lang='lat' dir='ltr'>finito</span> <span class='ocrx_word' id='word_1_81' title='bbox 1469 1015 1515 1057; x_wconf 89' lang='lat' dir='ltr'>in</span> <span class='ocrx_word' id='word_1_82' title='bbox 1545 1014 1706 1070; x_wconf 88' lang='lat' dir='ltr'>passivi</span> 
     </span>
     <span class='ocr_line' id='line_1_14' title="bbox 188 1079 1708 1138; baseline 0.003 -16"><span class='ocrx_word' id='word_1_83' title='bbox 188 1079 325 1123; x_wconf 89' lang='lat' dir='ltr'>forma</span> <span class='ocrx_word' id='word_1_84' title='bbox 356 1081 500 1136; x_wconf 88' lang='lat' dir='ltr'>posito</span> <span class='ocrx_word' id='word_1_85' title='bbox 532 1081 782 1124; x_wconf 80' lang='lat' dir='ltr'>coniunctus</span> <span class='ocrx_word' id='word_1_86' title='bbox 817 1081 873 1125; x_wconf 87' lang='lat' dir='ltr'>ab</span> <span class='ocrx_word' id='word_1_87' title='bbox 904 1096 984 1125; x_wconf 89' lang='lat' dir='ltr'>usu</span> <span class='ocrx_word' id='word_1_88' title='bbox 1014 1082 1195 1125; x_wconf 88' lang='lat' dir='ltr'>aliorum</span> <span class='ocrx_word' id='word_1_89' title='bbox 1227 1083 1482 1138; x_wconf 88' lang='lat' dir='ltr'>scriptorum</span> <span class='ocrx_word' id='word_1_90' title='bbox 1511 1096 1596 1125; x_wconf 93' lang='lat' dir='ltr'>non</span> <span class='ocrx_word' id='word_1_91' title='bbox 1636 1083 1708 1126; x_wconf 89' lang='lat' dir='ltr'>ab·</span> 
     </span>
     <span class='ocr_line' id='line_1_15' title="bbox 185 1150 1709 1207; baseline 0.001 -15"><span class='ocrx_word' id='word_1_92' title='bbox 185 1150 347 1194; x_wconf 84' lang='lat' dir='ltr'>horret.</span> <span class='ocrx_word' id='word_1_93' title='bbox 424 1150 509 1193; x_wconf 87' lang='lat' dir='ltr'>Sed</span> <span class='ocrx_word' id='word_1_94' title='bbox 540 1154 690 1193; x_wconf 86' lang='lat' dir='ltr'>contra</span> <span class='ocrx_word' id='word_1_95' title='bbox 726 1151 861 1194; x_wconf 86' lang='lat' dir='ltr'>multa</span> <span class='ocrx_word' id='word_1_96' title='bbox 891 1151 1086 1206; x_wconf 88' lang='lat' dir='ltr'>exempla</span> <span class='ocrx_word' id='word_1_97' title='bbox 1112 1152 1312 1207; x_wconf 87' lang='lat' dir='ltr'>leguntur</span> <span class='ocrx_word' id='word_1_98' title='bbox 1347 1152 1391 1193; x_wconf 89' lang='lat' dir='ltr'>in</span> <span class='ocrx_word' id='word_1_99' title='bbox 1422 1151 1576 1205; x_wconf 88' lang='lat' dir='ltr'>quibus</span> <span class='ocrx_word' id='word_1_100' title='bbox 1604 1151 1709 1202; x_wconf 87' lang='lat' dir='ltr'>„fer—</span> 
     </span>
     <span class='ocr_line' id='line_1_16' title="bbox 185 1219 1708 1274; baseline 0 -12"><span class='ocrx_word' id='word_1_101' title='bbox 185 1221 299 1270; x_wconf 84' lang='lat' dir='ltr'>tur‚“</span> <span class='ocrx_word' id='word_1_102' title='bbox 332 1219 517 1270; x_wconf 89' lang='lat' dir='ltr'>„dicitur</span> <span class='ocrx_word' id='word_1_103' title='bbox 526 1220 566 1274; x_wconf 83' lang='lat'>,“</span> <span class='ocrx_word' id='word_1_104' title='bbox 596 1219 752 1262; x_wconf 84' lang='lat' dir='ltr'>similia</span> <span class='ocrx_word' id='word_1_105' title='bbox 780 1220 911 1263; x_wconf 89' lang='lat' dir='ltr'>verba</span> <span class='ocrx_word' id='word_1_106' title='bbox 941 1220 1184 1263; x_wconf 88' lang='lat' dir='ltr'>accusativo</span> <span class='ocrx_word' id='word_1_107' title='bbox 1224 1234 1256 1263; x_wconf 90' lang='lat' dir='ltr'>c.</span> <span class='ocrx_word' id='word_1_108' title='bbox 1286 1219 1360 1262; x_wconf 85' lang='lat' dir='ltr'>inf.</span> <span class='ocrx_word' id='word_1_109' title='bbox 1393 1223 1708 1262; x_wconf 87' lang='lat' dir='ltr'>construuntur.</span> 
     </span>
    </p>

    <p class='ocr_par' dir='ltr' id='par_1_6' title="bbox 181 1288 1708 2311">
     <span class='ocr_line' id='line_1_17' title="bbox 325 1288 1707 1346; baseline 0.001 -15"><span class='ocrx_word' id='word_1_110' title='bbox 325 1288 484 1332; x_wconf 90' lang='lat' dir='ltr'>Ultimo</span> <span class='ocrx_word' id='word_1_111' title='bbox 512 1289 605 1332; x_wconf 85' lang='lat' dir='ltr'>loco</span> <span class='ocrx_word' id='word_1_112' title='bbox 636 1290 840 1333; x_wconf 89' lang='lat' dir='ltr'>nonnulla</span> <span class='ocrx_word' id='word_1_113' title='bbox 868 1291 999 1334; x_wconf 85' lang='lat' dir='ltr'>verba</span> <span class='ocrx_word' id='word_1_114' title='bbox 1023 1290 1201 1333; x_wconf 84' lang='lat' dir='ltr'>afferam</span> <span class='ocrx_word' id='word_1_115' title='bbox 1232 1291 1285 1334; x_wconf 93' lang='lat' dir='ltr'>de</span> <span class='ocrx_word' id='word_1_116' title='bbox 1317 1290 1470 1345; x_wconf 89' lang='lat' dir='ltr'>quibus</span> <span class='ocrx_word' id='word_1_117' title='bbox 1498 1303 1707 1346; x_wconf 88' lang='lat' dir='ltr'>gramma-</span> 
     </span>
     <span class='ocr_line' id='line_1_18' title="bbox 184 1357 1708 1416; baseline 0.001 -16"><span class='ocrx_word' id='word_1_118' title='bbox 184 1357 258 1400; x_wconf 89' lang='lat' dir='ltr'>tici</span> <span class='ocrx_word' id='word_1_119' title='bbox 283 1372 411 1414; x_wconf 91' lang='lat' dir='ltr'>agere</span> <span class='ocrx_word' id='word_1_120' title='bbox 437 1358 598 1401; x_wconf 90' lang='lat' dir='ltr'>solent:</span> <span class='ocrx_word' id='word_1_121' title='bbox 629 1359 761 1402; x_wconf 88' lang='lat' dir='ltr'>verba</span> <span class='ocrx_word' id='word_1_122' title='bbox 788 1360 992 1416; x_wconf 91' lang='lat' dir='ltr'>minandi,</span> <span class='ocrx_word' id='word_1_123' title='bbox 1020 1360 1261 1415; x_wconf 88' lang='lat' dir='ltr'>pollicendi,</span> <span class='ocrx_word' id='word_1_124' title='bbox 1294 1360 1507 1416; x_wconf 87' lang='lat' dir='ltr'>sperandi.</span> <span class='ocrx_word' id='word_1_125' title='bbox 1559 1359 1708 1403; x_wconf 88' lang='lat' dir='ltr'>Gram-</span> 
     </span>
     <span class='ocr_line' id='line_1_19' title="bbox 183 1427 1706 1484; baseline 0.001 -15"><span class='ocrx_word' id='word_1_126' title='bbox 183 1427 329 1470; x_wconf 88' lang='lat' dir='ltr'>matici</span> <span class='ocrx_word' id='word_1_127' title='bbox 355 1427 607 1483; x_wconf 84' lang='lat' dir='ltr'>plerumque</span> <span class='ocrx_word' id='word_1_128' title='bbox 631 1428 803 1479; x_wconf 87' lang='lat' dir='ltr'>docent,</span> <span class='ocrx_word' id='word_1_129' title='bbox 834 1428 941 1472; x_wconf 85' lang='lat' dir='ltr'>haec</span> <span class='ocrx_word' id='word_1_130' title='bbox 971 1429 1102 1473; x_wconf 87' lang='lat' dir='ltr'>verba</span> <span class='ocrx_word' id='word_1_131' title='bbox 1130 1429 1250 1484; x_wconf 82' lang='lat' dir='ltr'>sequi</span> <span class='ocrx_word' id='word_1_132' title='bbox 1280 1443 1364 1472; x_wconf 86' lang='lat' dir='ltr'>aco.</span> <span class='ocrx_word' id='word_1_133' title='bbox 1396 1443 1430 1472; x_wconf 91' lang='lat' dir='ltr'>c.</span> <span class='ocrx_word' id='word_1_134' title='bbox 1461 1428 1533 1472; x_wconf 85' lang='lat' dir='ltr'>inf.</span> <span class='ocrx_word' id='word_1_135' title='bbox 1556 1428 1706 1471; x_wconf 88' lang='lat' dir='ltr'>futuri:</span> 
     </span>
     <span class='ocr_line' id='line_1_20' title="bbox 189 1497 1707 1554; baseline 0.001 -15"><span class='ocrx_word' id='word_1_136' title='bbox 189 1497 225 1539; x_wconf 88' lang='lat' dir='ltr'>si</span> <span class='ocrx_word' id='word_1_137' title='bbox 254 1497 391 1553; x_wconf 89' lang='lat' dir='ltr'>igitur</span> <span class='ocrx_word' id='word_1_138' title='bbox 419 1497 655 1540; x_wconf 87' lang='lat' dir='ltr'>infinitivus</span> <span class='ocrx_word' id='word_1_139' title='bbox 685 1499 925 1554; x_wconf 79' lang='lat' dir='ltr'>praesentis</span> <span class='ocrx_word' id='word_1_140' title='bbox 956 1502 1115 1550; x_wconf 88' lang='lat' dir='ltr'>exstet,</span> <span class='ocrx_word' id='word_1_141' title='bbox 1162 1499 1518 1542; x_wconf 88' lang='lat' dir='ltr'>constructionem</span> <span class='ocrx_word' id='word_1_142' title='bbox 1544 1498 1707 1554; x_wconf 89' lang='lat' dir='ltr'>neglec—</span> 
     </span>
     <span class='ocr_line' id='line_1_21' title="bbox 186 1566 1708 1624; baseline 0 -15"><span class='ocrx_word' id='word_1_143' title='bbox 186 1571 275 1610; x_wconf 81' lang='lat' dir='ltr'>tam</span> <span class='ocrx_word' id='word_1_144' title='bbox 307 1566 552 1610; x_wconf 89' lang='lat' dir='ltr'>habendam</span> <span class='ocrx_word' id='word_1_145' title='bbox 583 1581 689 1610; x_wconf 86' lang='lat' dir='ltr'>esse.</span> <span class='ocrx_word' id='word_1_146' title='bbox 752 1568 848 1620; x_wconf 88' lang='lat' dir='ltr'>Sed,</span> <span class='ocrx_word' id='word_1_147' title='bbox 882 1583 978 1612; x_wconf 87' lang='lat' dir='ltr'>mea</span> <span class='ocrx_word' id='word_1_148' title='bbox 1009 1569 1179 1624; x_wconf 87' lang='lat' dir='ltr'>quidem</span> <span class='ocrx_word' id='word_1_149' title='bbox 1211 1569 1440 1618; x_wconf 88' lang='lat' dir='ltr'>sententia,</span> <span class='ocrx_word' id='word_1_150' title='bbox 1470 1581 1627 1623; x_wconf 86' lang='lat' dir='ltr'>magna</span> <span class='ocrx_word' id='word_1_151' title='bbox 1656 1581 1708 1610; x_wconf 90' lang='lat' dir='ltr'>ex</span> 
     </span>
     <span class='ocr_line' id='line_1_22' title="bbox 182 1630 1706 1694; baseline 0.001 -17"><span class='ocrx_word' id='word_1_152' title='bbox 182 1638 307 1690; x_wconf 91' lang='lat' dir='ltr'>parte</span> <span class='ocrx_word' id='word_1_153' title='bbox 352 1649 438 1678; x_wconf 89' lang='lat' dir='ltr'>non</span> <span class='ocrx_word' id='word_1_154' title='bbox 471 1636 751 1692; x_wconf 86' lang='lat' dir='ltr'>neglegenter</span> <span class='ocrx_word' id='word_1_155' title='bbox 794 1630 955 1681; x_wconf 90' lang='lat' dir='ltr'>dictum</span> <span class='ocrx_word' id='word_1_156' title='bbox 1001 1640 1089 1694; x_wconf 59' lang='lat' dir='ltr'>est2,</span> <span class='ocrx_word' id='word_1_157' title='bbox 1135 1638 1172 1680; x_wconf 93' lang='lat' dir='ltr'>si</span> <span class='ocrx_word' id='word_1_158' title='bbox 1202 1637 1436 1680; x_wconf 88' lang='lat' dir='ltr'>infinitivus</span> <span class='ocrx_word' id='word_1_159' title='bbox 1465 1636 1706 1692; x_wconf 85' lang='lat' dir='ltr'>praesentis</span> 
     </span>
     <span class='ocr_line' id='line_1_23' title="bbox 182 1704 1706 1761; baseline 0.001 -15"><span class='ocrx_word' id='word_1_160' title='bbox 182 1704 416 1754; x_wconf 86' lang='lat' dir='ltr'>invenitur,</span> <span class='ocrx_word' id='word_1_161' title='bbox 454 1704 709 1760; x_wconf 90' lang='lat' dir='ltr'>praesertim</span> <span class='ocrx_word' id='word_1_162' title='bbox 756 1719 849 1748; x_wconf 90' lang='lat' dir='ltr'>cum</span> <span class='ocrx_word' id='word_1_163' title='bbox 893 1705 1010 1760; x_wconf 91' lang='lat' dir='ltr'>apud</span> <span class='ocrx_word' id='word_1_164' title='bbox 1051 1706 1234 1761; x_wconf 88' lang='lat' dir='ltr'>optimos</span> <span class='ocrx_word' id='word_1_165' title='bbox 1265 1706 1496 1761; x_wconf 87' lang='lat' dir='ltr'>scriptores</span> <span class='ocrx_word' id='word_1_166' title='bbox 1526 1705 1706 1760; x_wconf 84' lang='lat' dir='ltr'>legatur,</span> 
     </span>
     <span class='ocr_line' id='line_1_24' title="bbox 183 1772 1705 1830; baseline -0.001 -14"><span class='ocrx_word' id='word_1_167' title='bbox 183 1773 260 1816; x_wconf 86' lang='lat' dir='ltr'>sed</span> <span class='ocrx_word' id='word_1_168' title='bbox 290 1773 433 1815; x_wconf 88' lang='lat' dir='ltr'>omnia</span> <span class='ocrx_word' id='word_1_169' title='bbox 462 1772 546 1815; x_wconf 91' lang='lat' dir='ltr'>huc</span> <span class='ocrx_word' id='word_1_170' title='bbox 574 1773 767 1825; x_wconf 91' lang='lat' dir='ltr'>redeunt,</span> <span class='ocrx_word' id='word_1_171' title='bbox 800 1787 884 1827; x_wconf 91' lang='lat' dir='ltr'>quo</span> <span class='ocrx_word' id='word_1_172' title='bbox 911 1774 1037 1816; x_wconf 92' lang='lat' dir='ltr'>modo</span> <span class='ocrx_word' id='word_1_173' title='bbox 1066 1775 1103 1816; x_wconf 89' lang='lat' dir='ltr'>is</span> <span class='ocrx_word' id='word_1_174' title='bbox 1136 1775 1209 1829; x_wconf 92' lang='lat' dir='ltr'>qui</span> <span class='ocrx_word' id='word_1_175' title='bbox 1239 1775 1436 1826; x_wconf 89' lang='lat' dir='ltr'>minatur,</span> <span class='ocrx_word' id='word_1_176' title='bbox 1467 1773 1705 1830; x_wconf 86' lang='lat' dir='ltr'>pollicetur,</span> 
     </span>
     <span class='ocr_line' id='line_1_25' title="bbox 183 1842 1706 1898; baseline 0 -13"><span class='ocrx_word' id='word_1_177' title='bbox 183 1846 347 1898; x_wconf 88' lang='lat' dir='ltr'>sperat,</span> <span class='ocrx_word' id='word_1_178' title='bbox 390 1846 532 1885; x_wconf 90' lang='lat' dir='ltr'>mente</span> <span class='ocrx_word' id='word_1_179' title='bbox 564 1843 734 1897; x_wconf 86' lang='lat' dir='ltr'>cogitet.</span> <span class='ocrx_word' id='word_1_180' title='bbox 795 1842 903 1884; x_wconf 91' lang='lat' dir='ltr'>Nam</span> <span class='ocrx_word' id='word_1_181' title='bbox 925 1846 1087 1885; x_wconf 87' lang='lat' dir='ltr'>certum</span> <span class='ocrx_word' id='word_1_182' title='bbox 1111 1843 1333 1885; x_wconf 90' lang='lat' dir='ltr'>consilium</span> <span class='ocrx_word' id='word_1_183' title='bbox 1364 1846 1440 1884; x_wconf 89' lang='lat' dir='ltr'>aut</span> <span class='ocrx_word' id='word_1_184' title='bbox 1462 1846 1579 1885; x_wconf 86' lang='lat' dir='ltr'>certa</span> <span class='ocrx_word' id='word_1_185' title='bbox 1608 1857 1706 1897; x_wconf 87' lang='lat' dir='ltr'>spes</span> 
     </span>
     <span class='ocr_line' id='line_1_26' title="bbox 181 1910 1707 1967; baseline 0.001 -13"><span class='ocrx_word' id='word_1_186' title='bbox 181 1912 340 1967; x_wconf 87' lang='lat' dir='ltr'>optime</span> <span class='ocrx_word' id='word_1_187' title='bbox 364 1910 573 1954; x_wconf 88' lang='lat' dir='ltr'>infinitivo</span> <span class='ocrx_word' id='word_1_188' title='bbox 601 1911 841 1967; x_wconf 84' lang='lat' dir='ltr'>praesentis</span> <span class='ocrx_word' id='word_1_189' title='bbox 873 1911 1052 1967; x_wconf 86' lang='lat' dir='ltr'>exprimi</span> <span class='ocrx_word' id='word_1_190' title='bbox 1081 1915 1235 1967; x_wconf 87' lang='lat' dir='ltr'>potest.</span> <span class='ocrx_word' id='word_1_191' title='bbox 1300 1911 1549 1954; x_wconf 88' lang='lat' dir='ltr'>Ammianus</span> <span class='ocrx_word' id='word_1_192' title='bbox 1591 1915 1707 1955; x_wconf 89' lang='lat' dir='ltr'>utra-</span> 
     </span>
     <span class='ocr_line' id='line_1_27' title="bbox 183 1980 1706 2036; baseline 0.001 -13"><span class='ocrx_word' id='word_1_193' title='bbox 183 1995 265 2035; x_wconf 87' lang='lat' dir='ltr'>que</span> <span class='ocrx_word' id='word_1_194' title='bbox 287 1982 603 2024; x_wconf 90' lang='lat' dir='ltr'>constructione</span> <span class='ocrx_word' id='word_1_195' title='bbox 633 1981 722 2024; x_wconf 88' lang='lat' dir='ltr'>fere</span> <span class='ocrx_word' id='word_1_196' title='bbox 750 1981 914 2036; x_wconf 89' lang='lat' dir='ltr'>pariter</span> <span class='ocrx_word' id='word_1_197' title='bbox 943 1981 1088 2024; x_wconf 86' lang='lat' dir='ltr'>utitur.</span> <span class='ocrx_word' id='word_1_198' title='bbox 1156 1981 1283 2036; x_wconf 89' lang='lat' dir='ltr'>Apud</span> <span class='ocrx_word' id='word_1_199' title='bbox 1314 1980 1490 2024; x_wconf 89' lang='lat' dir='ltr'>verbum</span> <span class='ocrx_word' id='word_1_200' title='bbox 1516 1981 1706 2024; x_wconf 85' lang='lat' dir='ltr'>minandi</span> 
     </span>
     <span class='ocr_line' id='line_1_28' title="bbox 182 2048 1707 2105; baseline 0.002 -15"><span class='ocrx_word' id='word_1_201' title='bbox 182 2048 416 2091; x_wconf 89' lang='lat' dir='ltr'>infinitivus</span> <span class='ocrx_word' id='word_1_202' title='bbox 447 2048 580 2092; x_wconf 88' lang='lat' dir='ltr'>futuri</span> <span class='ocrx_word' id='word_1_203' title='bbox 610 2050 746 2092; x_wconf 90' lang='lat' dir='ltr'>solum</span> <span class='ocrx_word' id='word_1_204' title='bbox 777 2052 936 2092; x_wconf 88' lang='lat' dir='ltr'>exstat:</span> <span class='ocrx_word' id='word_1_205' title='bbox 988 2049 1089 2092; x_wconf 92' lang='lat' dir='ltr'>XIV</span> <span class='ocrx_word' id='word_1_206' title='bbox 1106 2053 1145 2105; x_wconf 87' lang='lat'>5,</span> <span class='ocrx_word' id='word_1_207' title='bbox 1166 2054 1188 2091; x_wconf 85' lang='lat'>7</span> <span class='ocrx_word' id='word_1_208' title='bbox 1220 2049 1342 2092; x_wconf 90' lang='lat' dir='ltr'>XXV</span> <span class='ocrx_word' id='word_1_209' title='bbox 1368 2054 1408 2105; x_wconf 88' lang='lat'>4,</span> <span class='ocrx_word' id='word_1_210' title='bbox 1432 2054 1483 2091; x_wconf 85' lang='lat'>12</span> <span class='ocrx_word' id='word_1_211' title='bbox 1524 2049 1707 2093; x_wconf 90' lang='lat' dir='ltr'>XXVIII</span> 
     </span>
     <span class='ocr_line' id='line_1_29' title="bbox 186 2117 1707 2172; baseline 0.002 -13"><span class='ocrx_word' id='word_1_212' title='bbox 186 2122 299 2167; x_wconf 89' lang='grc'>6,19</span> <span class='ocrx_word' id='word_1_213' title='bbox 328 2117 604 2172; x_wconf 84' lang='lat' dir='ltr'>polliceor:</span> <span class='ocrx_word' id='word_1_214' title='bbox 647 2117 723 2160; x_wconf 88' lang='lat' dir='ltr'>Inf.</span> <span class='ocrx_word' id='word_1_215' title='bbox 754 2118 847 2161; x_wconf 89' lang='lat' dir='ltr'>Fut.</span> <span class='ocrx_word' id='word_1_216' title='bbox 879 2118 1001 2161; x_wconf 90' lang='lat' dir='ltr'>XVII</span> <span class='ocrx_word' id='word_1_217' title='bbox 1033 2123 1106 2170; x_wconf 89' lang='lat'>10,</span> <span class='ocrx_word' id='word_1_218' title='bbox 1136 2122 1159 2161; x_wconf 89' lang='lat'>5</span> <span class='ocrx_word' id='word_1_219' title='bbox 1203 2118 1360 2169; x_wconf 92' lang='lat' dir='ltr'>XXIII,</span> <span class='ocrx_word' id='word_1_220' title='bbox 1393 2122 1432 2168; x_wconf 88' lang='lat'>5,</span> <span class='ocrx_word' id='word_1_221' title='bbox 1456 2123 1509 2160; x_wconf 85' lang='lat'>22</span> <span class='ocrx_word' id='word_1_222' title='bbox 1539 2119 1707 2162; x_wconf 89' lang='lat' dir='ltr'>XXVII</span> 
     </span>
     <span class='ocr_line' id='line_1_30' title="bbox 186 2186 1706 2242; baseline 0.002 -15"><span class='ocrx_word' id='word_1_223' title='bbox 186 2190 251 2237; x_wconf 83' lang='lat'>12,</span> <span class='ocrx_word' id='word_1_224' title='bbox 271 2191 294 2228; x_wconf 83' lang='lat'><strong>7</strong></span> <span class='ocrx_word' id='word_1_225' title='bbox 326 2186 484 2236; x_wconf 89' lang='lat' dir='ltr'>XXXI,</span> <span class='ocrx_word' id='word_1_226' title='bbox 514 2191 553 2237; x_wconf 88' lang='lat'>4,</span> <span class='ocrx_word' id='word_1_227' title='bbox 584 2192 619 2229; x_wconf 92' lang='grc'>1.</span> <span class='ocrx_word' id='word_1_228' title='bbox 663 2186 741 2229; x_wconf 89' lang='lat' dir='ltr'>Inf.</span> <span class='ocrx_word' id='word_1_229' title='bbox 764 2186 908 2230; x_wconf 87' lang='lat' dir='ltr'>Praes.</span> <span class='ocrx_word' id='word_1_230' title='bbox 936 2186 1068 2237; x_wconf 90' lang='lat' dir='ltr'>XVII,</span> <span class='ocrx_word' id='word_1_231' title='bbox 1100 2191 1166 2230; x_wconf 87' lang='grc'>12.</span> <span class='ocrx_word' id='word_1_232' title='bbox 1196 2192 1246 2229; x_wconf 95' lang='grc'>11</span> <span class='ocrx_word' id='word_1_233' title='bbox 1280 2187 1429 2229; x_wconf 91' lang='lat' dir='ltr'>XXIII</span> <span class='ocrx_word' id='word_1_234' title='bbox 1455 2191 1494 2242; x_wconf 89' lang='lat'>5,</span> <span class='ocrx_word' id='word_1_235' title='bbox 1518 2192 1540 2229; x_wconf 87' lang='lat'><strong>6</strong></span> <span class='ocrx_word' id='word_1_236' title='bbox 1564 2187 1706 2230; x_wconf 90' lang='lat' dir='ltr'>XXIV</span> 
     </span>
     <span class='ocr_line' id='line_1_31' title="bbox 183 2253 1591 2311; baseline 0.001 -15"><span class='ocrx_word' id='word_1_237' title='bbox 183 2258 221 2305; x_wconf 88' lang='lat'>5,</span> <span class='ocrx_word' id='word_1_238' title='bbox 243 2259 270 2296; x_wconf 88' lang='grc'>4</span> <span class='ocrx_word' id='word_1_239' title='bbox 300 2253 488 2296; x_wconf 82' lang='lat' dir='ltr'>XXVIII</span> <span class='ocrx_word' id='word_1_240' title='bbox 521 2260 558 2305; x_wconf 91' lang='lat'>1,</span> <span class='ocrx_word' id='word_1_241' title='bbox 578 2258 655 2304; x_wconf 81' lang='lat'>533</span> <span class='ocrx_word' id='word_1_242' title='bbox 689 2258 728 2305; x_wconf 80' lang='lat'>5,</span> <span class='ocrx_word' id='word_1_243' title='bbox 762 2260 815 2297; x_wconf 89' lang='lat'>10</span> <span class='ocrx_word' id='word_1_244' title='bbox 840 2255 990 2297; x_wconf 91' lang='lat' dir='ltr'>XXIX</span> <span class='ocrx_word' id='word_1_245' title='bbox 1022 2260 1060 2306; x_wconf 91' lang='grc'>2,</span> <span class='ocrx_word' id='word_1_246' title='bbox 1084 2259 1163 2306; x_wconf 82' lang='grc'>27;</span> <span class='ocrx_word' id='word_1_247' title='bbox 1196 2259 1232 2307; x_wconf 85' lang='grc'>5,</span> <span class='ocrx_word' id='word_1_248' title='bbox 1259 2260 1285 2297; x_wconf 89' lang='lat'><em>8</em></span> <span class='ocrx_word' id='word_1_249' title='bbox 1315 2255 1443 2297; x_wconf 92' lang='lat' dir='ltr'>XXX</span> <span class='ocrx_word' id='word_1_250' title='bbox 1464 2262 1506 2311; x_wconf 88' lang='grc'>4,</span> <span class='ocrx_word' id='word_1_251' title='bbox 1526 2261 1591 2298; x_wconf 88' lang='grc'>12.</span> 
     </span>
    </p>

    <p class='ocr_par' dir='ltr' id='par_1_7' title="bbox 179 2322 1707 2445">
     <span class='ocr_line' id='line_1_32' title="bbox 319 2322 1705 2379; baseline 0.002 -14"><span class='ocrx_word' id='word_1_252' title='bbox 319 2322 583 2379; x_wconf 89' lang='lat' dir='ltr'>promitto</span> <span class='ocrx_word' id='word_1_253' title='bbox 611 2322 690 2365; x_wconf 86' lang='lat' dir='ltr'>Inf.</span> <span class='ocrx_word' id='word_1_254' title='bbox 720 2323 813 2367; x_wconf 90' lang='lat' dir='ltr'>Fut.</span> <span class='ocrx_word' id='word_1_255' title='bbox 845 2323 964 2366; x_wconf 93' lang='lat' dir='ltr'>XVII</span> <span class='ocrx_word' id='word_1_256' title='bbox 995 2328 1062 2371; x_wconf 90' lang='lat'>10,</span> <span class='ocrx_word' id='word_1_257' title='bbox 1084 2328 1107 2365; x_wconf 85' lang='lat'><strong>7</strong></span> <span class='ocrx_word' id='word_1_258' title='bbox 1139 2323 1284 2366; x_wconf 90' lang='lat' dir='ltr'>XXVI</span> <span class='ocrx_word' id='word_1_259' title='bbox 1314 2327 1350 2374; x_wconf 86' lang='lat'>6,</span> <span class='ocrx_word' id='word_1_260' title='bbox 1375 2328 1426 2366; x_wconf 89' lang='lat'>13</span> <span class='ocrx_word' id='word_1_261' title='bbox 1456 2324 1534 2368; x_wconf 90' lang='lat' dir='ltr'>Inf.</span> <span class='ocrx_word' id='word_1_262' title='bbox 1562 2324 1705 2369; x_wconf 87' lang='lat' dir='ltr'>Praes.</span> 
     </span>
     <span class='ocr_line' id='line_1_33' title="bbox 179 2391 1707 2445; baseline 0.001 -10"><span class='ocrx_word' id='word_1_263' title='bbox 179 2391 258 2435; x_wconf 82' lang='lat' dir='ltr'>XV</span> <span class='ocrx_word' id='word_1_264' title='bbox 274 2396 311 2444; x_wconf 89' lang='lat'>3,</span> <span class='ocrx_word' id='word_1_265' title='bbox 329 2396 353 2434; x_wconf 84' lang='lat'><strong>7</strong></span> <span class='ocrx_word' id='word_1_266' title='bbox 372 2395 476 2434; x_wconf 87' lang='lat' dir='ltr'>XXI</span> <span class='ocrx_word' id='word_1_267' title='bbox 492 2396 532 2442; x_wconf 93' lang='lat'>4,</span> <span class='ocrx_word' id='word_1_268' title='bbox 549 2395 574 2434; x_wconf 88' lang='lat'><strong>3</strong></span> <span class='ocrx_word' id='word_1_269' title='bbox 592 2394 722 2432; x_wconf 90' lang='lat' dir='ltr'>XXII</span> <span class='ocrx_word' id='word_1_270' title='bbox 744 2396 782 2442; x_wconf 87' lang='lat'>7,</span> <span class='ocrx_word' id='word_1_271' title='bbox 798 2392 826 2434; x_wconf 84' lang='lat'>5</span> <span class='ocrx_word' id='word_1_272' title='bbox 840 2395 968 2433; x_wconf 86' lang='lat' dir='ltr'>XXV</span> <span class='ocrx_word' id='word_1_273' title='bbox 985 2396 1093 2445; x_wconf 81' lang='lat'>6,15</span> <span class='ocrx_word' id='word_1_274' title='bbox 1110 2395 1259 2433; x_wconf 82' lang='lat' dir='ltr'>XXIX</span> <span class='ocrx_word' id='word_1_275' title='bbox 1274 2397 1378 2443; x_wconf 92' lang='lat'>1,11</span> <span class='ocrx_word' id='word_1_276' title='bbox 1397 2396 1626 2445; x_wconf 86' lang='lat' dir='ltr'>XXX112,</span> <span class='ocrx_word' id='word_1_277' title='bbox 1644 2398 1707 2438; x_wconf 84' lang='lat'>15.</span> 
     </span>
    </p>

    <p class='ocr_par' dir='ltr' id='par_1_8' title="bbox 177 2459 1705 2578">
     <span class='ocr_line' id='line_1_34' title="bbox 317 2459 1705 2518; baseline 0.001 -14"><span class='ocrx_word' id='word_1_278' title='bbox 317 2460 565 2517; x_wconf 89' lang='lat' dir='ltr'>spondeo</span> <span class='ocrx_word' id='word_1_279' title='bbox 596 2459 674 2503; x_wconf 83' lang='lat' dir='ltr'>Ins.</span> <span class='ocrx_word' id='word_1_280' title='bbox 699 2460 797 2503; x_wconf 89' lang='lat' dir='ltr'>Fut.</span> <span class='ocrx_word' id='word_1_281' title='bbox 827 2464 925 2503; x_wconf 89' lang='lat' dir='ltr'>XVI</span> <span class='ocrx_word' id='word_1_282' title='bbox 958 2466 995 2511; x_wconf 84' lang='lat'>7,</span> <span class='ocrx_word' id='word_1_283' title='bbox 1015 2465 1039 2503; x_wconf 89' lang='grc'><strong>3</strong></span> <span class='ocrx_word' id='word_1_284' title='bbox 1072 2465 1218 2504; x_wconf 86' lang='lat' dir='ltr'>XVIII</span> <span class='ocrx_word' id='word_1_285' title='bbox 1252 2466 1290 2517; x_wconf 87' lang='lat'>6,</span> <span class='ocrx_word' id='word_1_286' title='bbox 1313 2465 1337 2503; x_wconf 91' lang='lat'><strong>3</strong></span> <span class='ocrx_word' id='word_1_287' title='bbox 1369 2464 1453 2503; x_wconf 86' lang='lat' dir='ltr'>XX</span> <span class='ocrx_word' id='word_1_288' title='bbox 1484 2466 1523 2518; x_wconf 89' lang='grc'>8,</span> <span class='ocrx_word' id='word_1_289' title='bbox 1546 2467 1597 2505; x_wconf 88' lang='grc'>13</span> <span class='ocrx_word' id='word_1_290' title='bbox 1626 2462 1705 2506; x_wconf 88' lang='lat' dir='ltr'>Inf.</span> 
     </span>
     <span class='ocr_line' id='line_1_35' title="bbox 177 2530 1003 2578; baseline -0.004 -5"><span class='ocrx_word' id='word_1_291' title='bbox 177 2530 323 2573; x_wconf 85' lang='lat' dir='ltr'>Praes.</span> <span class='ocrx_word' id='word_1_292' title='bbox 354 2533 480 2571; x_wconf 86' lang='lat' dir='ltr'>XVII</span> <span class='ocrx_word' id='word_1_293' title='bbox 512 2533 586 2576; x_wconf 87' lang='grc'>12,</span> <span class='ocrx_word' id='word_1_294' title='bbox 618 2533 669 2570; x_wconf 93' lang='grc'>11</span> <span class='ocrx_word' id='word_1_295' title='bbox 701 2531 855 2569; x_wconf 84' lang='lat' dir='ltr'>XXIX</span> <span class='ocrx_word' id='word_1_296' title='bbox 887 2531 925 2578; x_wconf 86' lang='lat'>5,</span> <span class='ocrx_word' id='word_1_297' title='bbox 947 2533 1003 2570; x_wconf 85' lang='lat'>44</span> 
     </span>
    </p>

    <p class='ocr_par' dir='ltr' id='par_1_9' title="bbox 178 2598 1706 2931">
     <span class='ocr_line' id='line_1_36' title="bbox 318 2598 1706 2655; baseline -0.001 -13"><span class='ocrx_word' id='word_1_298' title='bbox 318 2613 503 2655; x_wconf 85' lang='lat' dir='ltr'>spero:</span> <span class='ocrx_word' id='word_1_299' title='bbox 538 2598 617 2642; x_wconf 86' lang='lat' dir='ltr'>Inf.</span> <span class='ocrx_word' id='word_1_300' title='bbox 648 2598 741 2642; x_wconf 86' lang='lat' dir='ltr'>Fut.</span> <span class='ocrx_word' id='word_1_301' title='bbox 781 2601 880 2639; x_wconf 83' lang='lat' dir='ltr'>XIV</span> <span class='ocrx_word' id='word_1_302' title='bbox 916 2601 996 2648; x_wconf 85' lang='lat'>7,5</span> <span class='ocrx_word' id='word_1_303' title='bbox 1030 2602 1136 2639; x_wconf 85' lang='lat' dir='ltr'>XIX</span> <span class='ocrx_word' id='word_1_304' title='bbox 1170 2603 1276 2648; x_wconf 89' lang='lat'>11,3</span> <span class='ocrx_word' id='word_1_305' title='bbox 1310 2602 1395 2639; x_wconf 88' lang='lat' dir='ltr'>XX</span> <span class='ocrx_word' id='word_1_306' title='bbox 1421 2603 1486 2647; x_wconf 92' lang='grc'>11,</span> <span class='ocrx_word' id='word_1_307' title='bbox 1513 2603 1565 2641; x_wconf 91' lang='grc'>16</span> <span class='ocrx_word' id='word_1_308' title='bbox 1597 2603 1706 2641; x_wconf 90' lang='lat' dir='ltr'>XXI</span> 
     </span>
     <span class='ocr_line' id='line_1_37' title="bbox 180 2666 1705 2724; baseline -0.001 -12"><span class='ocrx_word' id='word_1_309' title='bbox 180 2674 217 2719; x_wconf 89' lang='lat'>9,</span> <span class='ocrx_word' id='word_1_310' title='bbox 239 2673 263 2710; x_wconf 86' lang='lat'><strong>2</strong></span> <span class='ocrx_word' id='word_1_311' title='bbox 296 2672 449 2710; x_wconf 85' lang='lat' dir='ltr'>XXXI</span> <span class='ocrx_word' id='word_1_312' title='bbox 479 2672 544 2721; x_wconf 90' lang='grc'>12,</span> <span class='ocrx_word' id='word_1_313' title='bbox 573 2672 647 2720; x_wconf 89' lang='grc'>13;</span> <span class='ocrx_word' id='word_1_314' title='bbox 689 2680 817 2724; x_wconf 90' lang='lat' dir='ltr'>posse</span> <span class='ocrx_word' id='word_1_315' title='bbox 855 2681 949 2710; x_wconf 87' lang='lat' dir='ltr'>cum</span> <span class='ocrx_word' id='word_1_316' title='bbox 989 2666 1063 2709; x_wconf 90' lang='lat' dir='ltr'>inf.</span> <span class='ocrx_word' id='word_1_317' title='bbox 1093 2680 1229 2722; x_wconf 89' lang='lat' dir='ltr'>praes.</span> <span class='ocrx_word' id='word_1_318' title='bbox 1270 2669 1398 2708; x_wconf 90' lang='lat' dir='ltr'>XVII</span> <span class='ocrx_word' id='word_1_319' title='bbox 1430 2671 1468 2723; x_wconf 92' lang='grc'>1,</span> <span class='ocrx_word' id='word_1_320' title='bbox 1490 2671 1535 2719; x_wconf 83' lang='lat'>33</span> <span class='ocrx_word' id='word_1_321' title='bbox 1566 2667 1705 2722; x_wconf 85' lang='lat'>4,15;</span> 
     </span>
     <span class='ocr_line' id='line_1_38' title="bbox 179 2736 1706 2793; baseline -0.001 -13"><span class='ocrx_word' id='word_1_322' title='bbox 179 2743 218 2788; x_wconf 88' lang='lat'>9,</span> <span class='ocrx_word' id='word_1_323' title='bbox 244 2742 289 2789; x_wconf 74' lang='lat'>23</span> <span class='ocrx_word' id='word_1_324' title='bbox 324 2741 479 2793; x_wconf 88' lang='lat'>13,15,</span> <span class='ocrx_word' id='word_1_325' title='bbox 507 2742 560 2780; x_wconf 85' lang='lat'>27</span> <span class='ocrx_word' id='word_1_326' title='bbox 587 2741 696 2778; x_wconf 87' lang='lat' dir='ltr'>XXI</span> <span class='ocrx_word' id='word_1_327' title='bbox 720 2742 757 2787; x_wconf 86' lang='lat'>7,</span> <span class='ocrx_word' id='word_1_328' title='bbox 782 2741 806 2779; x_wconf 87' lang='lat'><strong>3</strong></span> <span class='ocrx_word' id='word_1_329' title='bbox 836 2740 985 2778; x_wconf 85' lang='lat' dir='ltr'>XXVI</span> <span class='ocrx_word' id='word_1_330' title='bbox 1019 2742 1056 2787; x_wconf 90' lang='lat'>1,</span> <span class='ocrx_word' id='word_1_331' title='bbox 1087 2741 1108 2777; x_wconf 90' lang='lat'>1</span> <span class='ocrx_word' id='word_1_332' title='bbox 1141 2740 1292 2777; x_wconf 87' lang='lat' dir='ltr'>XXIX</span> <span class='ocrx_word' id='word_1_333' title='bbox 1315 2739 1358 2787; x_wconf 88' lang='lat'>5,</span> <span class='ocrx_word' id='word_1_334' title='bbox 1385 2739 1437 2777; x_wconf 82' lang='lat'>45</span> <span class='ocrx_word' id='word_1_335' title='bbox 1462 2736 1539 2781; x_wconf 87' lang='lat' dir='ltr'>Inf.</span> <span class='ocrx_word' id='word_1_336' title='bbox 1562 2737 1706 2781; x_wconf 82' lang='lat' dir='ltr'>Praes.</span> 
     </span>
     <span class='ocr_line' id='line_1_39' title="bbox 179 2804 1706 2861; baseline 0.001 -13"><span class='ocrx_word' id='word_1_337' title='bbox 179 2810 266 2849; x_wconf 84' lang='lat' dir='ltr'>XV</span> <span class='ocrx_word' id='word_1_338' title='bbox 295 2810 375 2859; x_wconf 83' lang='lat'>5,5</span> <span class='ocrx_word' id='word_1_339' title='bbox 409 2811 515 2849; x_wconf 92' lang='lat' dir='ltr'>XVI</span> <span class='ocrx_word' id='word_1_340' title='bbox 549 2812 616 2859; x_wconf 93' lang='lat'>10,</span> <span class='ocrx_word' id='word_1_341' title='bbox 650 2811 689 2859; x_wconf 83' lang='lat'>2,</span> <span class='ocrx_word' id='word_1_342' title='bbox 718 2811 792 2861; x_wconf 81' lang='lat'>143</span> <span class='ocrx_word' id='word_1_343' title='bbox 819 2812 857 2858; x_wconf 92' lang='grc'>8,</span> <span class='ocrx_word' id='word_1_344' title='bbox 884 2811 938 2849; x_wconf 91' lang='grc'>10</span> <span class='ocrx_word' id='word_1_345' title='bbox 970 2810 1056 2848; x_wconf 90' lang='lat' dir='ltr'>XX</span> <span class='ocrx_word' id='word_1_346' title='bbox 1088 2811 1127 2855; x_wconf 88' lang='lat'>8,</span> <span class='ocrx_word' id='word_1_347' title='bbox 1164 2810 1217 2848; x_wconf 86' lang='lat'>10</span> <span class='ocrx_word' id='word_1_348' title='bbox 1247 2805 1369 2849; x_wconf 90' lang='lat' dir='ltr'>Nom.</span> <span class='ocrx_word' id='word_1_349' title='bbox 1402 2819 1435 2848; x_wconf 90' lang='lat' dir='ltr'>c.</span> <span class='ocrx_word' id='word_1_350' title='bbox 1467 2804 1541 2849; x_wconf 85' lang='lat' dir='ltr'>iuf.</span> <span class='ocrx_word' id='word_1_351' title='bbox 1573 2805 1706 2850; x_wconf 63' lang='lat' dir='ltr'>futuri</span> 
     </span>
     <span class='ocr_line' id='line_1_40' title="bbox 178 2880 1147 2931; baseline -0.001 -11"><span class='ocrx_word' id='word_1_352' title='bbox 178 2880 362 2929; x_wconf 88' lang='lat' dir='ltr'>XVII3,</span> <span class='ocrx_word' id='word_1_353' title='bbox 386 2882 407 2919; x_wconf 92' lang='grc'>1</span> <span class='ocrx_word' id='word_1_354' title='bbox 441 2881 570 2919; x_wconf 89' lang='lat' dir='ltr'>XXX</span> <span class='ocrx_word' id='word_1_355' title='bbox 591 2880 628 2930; x_wconf 86' lang='lat'>5,</span> <span class='ocrx_word' id='word_1_356' title='bbox 660 2881 707 2931; x_wconf 80' lang='lat'>33</span> <span class='ocrx_word' id='word_1_357' title='bbox 741 2881 815 2928; x_wconf 91' lang='lat'>10,</span> <span class='ocrx_word' id='word_1_358' title='bbox 852 2882 873 2919; x_wconf 89' lang='lat'>1</span> <span class='ocrx_word' id='word_1_359' title='bbox 908 2880 1012 2919; x_wconf 85' lang='lat' dir='ltr'>XIV</span> <span class='ocrx_word' id='word_1_360' title='bbox 1035 2881 1078 2928; x_wconf 85' lang='lat'>7,</span> <span class='ocrx_word' id='word_1_361' title='bbox 1110 2880 1147 2919; x_wconf 83' lang='lat'>5.</span> 
     </span>
    </p>
   </div>
  </div>
 </body>
</html>
