1901 3153
948 157 974 196 7

195 269 378 323 utroque
426 266 554 311 modo
591 268 852 312 construitur
881 268 993 313 XIV.
1025 273 1063 322 2,
1097 275 1176 314 13:
1221 283 1343 328 „cum
1385 285 1464 316 nec
1492 272 1727 328 quidquam

197 337 289 393 geri
319 341 489 393 posset,
533 351 611 380 nec
646 338 908 393 procedebat
948 339 1080 383 ullum
1125 341 1391 386 obsidionale
1430 345 1725 386 commentum·

195 407 329 451 Porro
358 408 599 451 coniunctio
629 408 780 464 „licet⁴‘
810 423 967 465 magna
1006 423 1058 453 ex
1099 414 1224 467 parte
1253 412 1484 455 indicativo
1515 411 1722 455 construi-

193 481 264 520 tur
295 477 386 521 XV.
419 483 457 529 7,
491 483 540 530 13
586 484 653 528 10,
697 483 722 522 8
751 478 863 522 XVI.
910 483 976 531 10,
1022 484 1088 523 11.
1163 480 1381 525 Particula
1409 485 1722 538 „quamquam“

197 559 291 589 cum
314 546 579 589 coniunctivo
610 550 853 590 constructa
886 550 930 590 et
956 549 1201 603 „quamvis“
1233 564 1328 592 cum
1350 550 1583 592 indicativo
1613 549 1719 591 mul—

193 616 251 677 tis
288 616 393 660 locis
423 617 709 661 inveniuntur.
770 617 855 662 Sed
885 617 972 662 iam
1000 617 1174 663 Tacitus
1205 619 1289 664 hoc
1314 620 1441 664 modo
1473 622 1720 664 constanter

193 685 308 729 dicit.
339 712 393 719 —
425 686 583 730 Contra
612 687 709 730 aliis
738 687 842 731 locis
873 689 1164 732 coniunctivus
1194 690 1413 735 adhibitus
1446 694 1534 743 est3
1559 690 1714 746 quibus

190 754 341 811 lingua
367 755 503 799 latina
528 755 805 799 indicativum
834 756 1038 812 postulat.
1097 756 1212 802 XIX.
1246 762 1283 810 1,
1315 763 1339 801 2
1382 772 1502 812 „cum
1533 758 1717 814 primum

191 835 348 866 aurora
376 823 599 878 fulgeret.“
649 823 815 867 Deinde
835 824 1016 867 relativa
1045 826 1336 880 „quicunque‘⁴
1367 831 1410 868 et
1440 827 1596 869 similia
1621 839 1716 880 per-

190 906 320 950 saepe
357 892 647 937 coniunctivus
678 893 881 949 sequitur.
956 892 1067 937 XVI.
1103 898 1168 947 10,
1201 899 1226 938 8
1271 908 1551 951 „quocunque
1592 898 1713 939 artus

189 963 423 1005 necessitas
450 963 784 1008 commovisset.“
857 962 1011 1006 Confer
1053 964 1165 1008 XVI.
1201 969 1268 1021 12,
1310 968 1363 1007 51
1396 964 1552 1008 XXIII.
1583 968 1623 1016 4,
1662 967 1711 1018 5;

192 1036 229 1085 6,
258 1035 324 1083 14,
356 1036 408 1075 73
437 1030 590 1075 XXIV.
623 1035 662 1089 3,
693 1036 766 1085 12³
799 1035 839 1083 4,
870 1036 937 1076 16.
1661 1026 1845 1146 w

326 1100 412 1145 Sed
442 1102 571 1144 etiam
614 1101 671 1144 ad
703 1116 827 1145 usum
858 1116 1034 1146 casuum
1062 1103 1340 1148 multifariam
1370 1104 1518 1160 lingua
1546 1102 1665 1181 Grae

190 1170 388 1227 pertinet.
469 1170 704 1227 Praecipue
752 1172 1039 1225 accusativus,
1091 1174 1164 1230 qui
1217 1172 1406 1218 Graecus
1454 1175 1710 1228 nominatur,

190 1254 319 1297 saepe
347 1241 570 1284 invenitur.
630 1241 721 1284 XV.
755 1247 820 1293 13,
854 1248 876 1284 1
917 1244 1131 1298 „prudens
1158 1245 1270 1287 alia“
1301 1244 1413 1289 XVI.
1446 1248 1483 1295 7,
1517 1249 1540 1286 7
1587 1256 1710 1296 „cum

190 1312 357 1356 soleant
398 1311 445 1355 id
488 1325 622 1368 genus
665 1311 857 1356 homines
899 1312 1088 1357 latebras
1127 1317 1345 1370 captare-“
1415 1313 1549 1356 Porro
1591 1309 1709 1367 apud

187 1379 458 1422 Ammianum
489 1382 641 1423 neutra
669 1379 848 1435 pluralis
878 1379 1184 1440 adiectivorum
1223 1381 1316 1424 loco
1345 1380 1709 1425 substantivorum

186 1449 446 1493 adhibentur
492 1449 701 1503 simulque
755 1462 850 1492 cum
900 1449 1096 1504 genetivo
1141 1450 1464 1506 coniunguntur.
1547 1448 1708 1491 Poetae

186 1519 370 1575 Augusti
399 1519 554 1562 aetatis
584 1518 711 1574 primi
739 1517 822 1561 hac
849 1518 1017 1560 ratione
1047 1517 1217 1561 dicendi
1245 1519 1312 1561 usi
1341 1522 1457 1569 sunt,
1491 1530 1597 1572 quos
1626 1514 1706 1558 Ta-

186 1587 296 1631 citus
325 1590 495 1631 secutus
538 1590 616 1631 est.
675 1586 923 1630 Ammianus
962 1590 1104 1629 autem
1150 1600 1245 1630 eum
1298 1586 1381 1630 hac
1429 1600 1476 1629 re
1518 1586 1703 1639 superat.

186 1657 299 1701 XIV.
334 1662 421 1709 1,1
459 1670 668 1713 „ausurus
710 1656 910 1700 hostilia“
963 1662 1000 1712 1,
1032 1661 1056 1698 2
1097 1657 1300 1709 „eminuit
1345 1657 1457 1699 inter
1501 1653 1705 1704 humilia“

188 1732 227 1780 2,
255 1732 279 1771 3
314 1729 571 1782 ‚praerupta
603 1725 790 1770 letalia.“
868 1724 1034 1768 Deinde
1076 1739 1170 1768 cum
1214 1725 1408 1781 genetivo
1453 1721 1704 1767 coniuncta“

187 1799 224 1848 2,
256 1799 311 1837 20
342 1794 462 1847 „avia
492 1793 722 1835 montium“
754 1798 792 1848 6,
819 1797 846 1834 4
890 1793 1190 1847 „tranquillior
1218 1807 1245 1835 a
1273 1793 1388 1835 vitae
1417 1797 1455 1844 6,
1485 1795 1538 1833 23
1564 1789 1702 1845 „auri-

185 1876 336 1919 garum
365 1861 622 1916 praecipua“
653 1858 808 1903 XXXI.
841 1860 879 1911 2,
917 1861 968 1901 15
1007 1859 1163 1915 „longa
1190 1863 1401 1902 terrarum
1430 1861 1534 1901 etc.“

322 1930 515 1984 Denique
547 1933 876 1972 consentaneum
908 1933 994 1980 est,
1043 1942 1139 1970 eum
1179 1928 1357 1983 phrases
1389 1927 1576 1971 Graecas
1612 1926 1702 1969 fere

185 2001 242 2044 ad
285 1999 460 2043 verbum
508 1997 696 2041 vertisse.
785 1997 867 2040 Hic
913 1996 1047 2039 solum
1094 2010 1224 2038 unum
1271 1995 1509 2050 exemplum
1556 1993 1701 2037 affero.

184 2067 299 2111 XIV.
328 2072 366 2117 1,
411 2073 458 2108 1:
496 2065 717 2115 „fortunae
760 2066 989 2107 saevientis
1025 2065 1238 2119 procellae
1272 2067 1549 2119 tempestates
1591 2063 1700 2105 alias

182 2136 520 2191 rebusfinfudere
547 2134 878 2191 communibus,⁴‘
909 2148 995 2190 quo
1018 2133 1111 2177 10οό
1139 2130 1192 2177 τὸ
1209 2129 1365 2177 κοινὸν
1396 2132 1529 2176 latine
1556 2130 1699 2175 reddi-

183 2209 274 2247 tum
304 2209 380 2247 est.
424 2202 578 2247 Confer
599 2203 751 2245 XXVI.
775 2208 811 2253 6,
843 2208 867 2244 3
899 2204 981 2253 „ad
1008 2204 1247 2246 communia
1268 2202 1459 2258 regenda
1488 2205 1695 2245 evectus.·‘

186 2274 329 2318 Etiam
367 2287 469 2317 usus
496 2272 615 2316 verbi
644 2271 846 2328 sperandi
875 2272 1226 2328 contemplandus
1254 2276 1331 2315 est.
1404 2271 1497 2314 Hoc
1524 2270 1702 2314 verbum

186 2343 399 2388 nonnullis
451 2343 554 2386 locis
605 2342 775 2397 quidem
817 2342 1071 2396 scriptorum
1114 2342 1344 2384 latinorum
1397 2342 1481 2384 vim
1523 2340 1703 2384 timendi

182 2414 333 2466 habet,
377 2412 454 2456 sed
485 2416 628 2456 tamen
664 2411 796 2454 multo
838 2411 978 2454 rarius
1008 2425 1135 2467 quam
1173 2410 1291 2467 apud
1318 2409 1514 2454 Graecos.
1573 2409 1702 2466 Apud

183 2482 453 2525 Ammianum
498 2482 560 2524 vis
600 2481 779 2528 timendi
819 2493 1026 2537 persaepe
1068 2482 1290 2524 invenitur.
1359 2481 1426 2522 Ita
1453 2479 1566 2522 XIV.
1600 2484 1638 2529 7,
1675 2483 1700 2521 5

183 2550 274 2594 XV.
308 2556 346 2601 6,
380 2556 400 2592 1
433 2550 544 2594 XVI.
571 2550 611 2602 8,
654 2554 718 2593 10.
778 2548 862 2592 Sed
901 2550 958 2593 ad
987 2550 1157 2606 planius
1189 2548 1483 2593 disserendum
1519 2548 1589 2591 hic
1618 2560 1704 2591 non

183 2623 249 2662 est
276 2619 404 2663 locus.

320 2691 553 2745 Postquam
576 2689 745 2733 omnino
773 2689 826 2733 de
858 2689 955 2733 stilo
977 2689 1188 2734 Ammiani
1210 2703 1349 2746 pauca
1378 2688 1517 2741 attuli,
1549 2687 1705 2733 deinde

184 2760 398 2803 nonnullis
426 2760 629 2815 exemplis
652 2759 950 2811 demonstravi,
981 2774 1108 2815 quam
1135 2760 1347 2817 permixta
1367 2759 1705 2816 perturbataque

184 2830 274 2874 eius
297 2829 427 2873 dictio
449 2830 516 2876 sit,
544 2843 656 2873 nunc
685 2829 742 2872 ad
770 2843 893 2872 usum
922 2828 1121 2873 infinitivi
1143 2830 1385 2874 accuratius
1406 2828 1704 2885 explicandum

184 2900 369 2951 transeo,
397 2903 446 2942 ut
473 2897 518 2942 id
543 2898 660 2954 quod
686 2912 817 2955 supra
835 2899 984 2955 paucis
1007 2913 1060 2943 ex
1074 2900 1188 2944 omni
1204 2900 1385 2944 materia
1406 2900 1553 2944 electis
1568 2912 1705 2943 exem-
