1901 3153
905 124 958 162 32

176 235 274 279 suit.
320 238 468 278 XXIV
489 239 569 286 7,4
607 238 724 278 XXV
747 237 784 285 5,
806 239 829 276 9
877 238 1011 277 XXVI
1032 237 1070 285 5,
1091 238 1144 276 14
1180 238 1315 278 XXIX
1335 239 1374 285 5,
1401 240 1481 289 183
1507 240 1545 287 6,
1566 240 1602 279 3.
1635 259 1690 266 --

173 304 273 349 Acc.
305 318 337 348 c.
361 304 433 349 inf.
450 305 601 349 activi:
630 307 705 348 XX
724 307 763 360 4,
782 308 806 347 9
836 307 970 347 XXIV
996 308 1033 354 1,
1054 308 1078 346 2
1110 308 1254 347 XXXI
1273 310 1311 357 7,
1329 309 1354 349 3
1384 320 1509 361 quem
1528 306 1591 350 ire
1607 305 1691 349 dis-

171 375 325 432 posuit.
380 375 489 418 Item
534 388 639 430 app
658 387 754 416 ono
791 377 950 424 XXIX,
969 378 1051 424 1‚2
1093 374 1280 430 appositi
1310 376 1550 420 observare.
1597 377 1691 419 im-

170 459 308 503 pono
346 448 474 487 XXV
494 449 530 496 1,
554 448 578 487 8
622 456 769 487 omnes
815 455 888 486 eos
931 442 1044 486 inter
1084 443 1390 499 impedimenta
1432 459 1561 501 agere
1611 445 1694 488 iter

168 514 384 570 imposuit.

312 588 413 639 „ut“
453 587 596 626 autem
626 582 782 639 legitur
813 585 916 624 XVI
936 587 1002 632 12,
1027 587 1080 624 27
1124 583 1379 638 dispositum
1409 589 1502 627 erat
1531 588 1579 628 ut
1607 589 1692 628 tur-

170 653 307 698 baret.
364 651 526 696 Eodem
548 650 674 694 modo
705 654 844 694 XXIV
864 654 963 706 4,9:
1008 650 1054 693 id
1090 655 1183 694 erat
1217 651 1469 708 dispositum
1495 656 1544 696 ut
1571 653 1692 696 insis-

176 725 350 766 sterent.

232 802 450 833 censeo:
499 788 594 832 Ace.
622 802 655 831 c.
689 786 763 830 inf.
808 787 969 843 passivi
1007 802 1102 831 cum
1133 789 1262 832 verbo
1294 790 1563 834 necessitatis
1595 804 1690 834 con-

172 861 341 904 iunctus
371 859 529 915 legitur
557 861 659 899 XIV
679 862 746 908 10,
769 861 822 899 14
872 871 1001 912 quam
1048 861 1120 910 (sc.
1150 858 1322 914 pacem)
1366 859 1498 902 tribui
1538 858 1693 902 debere

175 941 327 972 censeo
350 932 428 970 XX
444 931 484 978 4,
503 932 527 969 6
557 930 693 969 XXIX
712 930 750 977 5,
768 930 834 968 22.
869 926 967 969 Acc.
985 926 1104 969 c.inf.
1131 942 1169 982 p.
1187 926 1301 969 solus
1333 930 1490 970 exstat:
1527 931 1691 968 XXVII

177 1001 257 1049 9,5
292 1000 478 1039 XXVIII
497 1001 533 1047 1,
552 1000 627 1038 32:
659 996 695 1037 si
724 995 769 1038 id
799 995 871 1038 ille
900 994 993 1037 fieri
1021 996 1269 1038 censuisset.
1301 1000 1449 1039 XXXI
1468 1001 1533 1047 12,
1552 1001 1589 1039 6.

234 1067 333 1109 Acc.
362 1080 395 1109 c.
417 1065 492 1108 inf.
522 1065 651 1109 activi
681 1069 757 1108 XX
783 1070 821 1115 9,
840 1070 885 1107 6:
918 1065 1114 1108 Caesaris
1141 1069 1397 1121 potestatem
1415 1066 1608 1110 sufficere
1622 1065 1693 1109 Ju—

175 1135 291 1179 liano
322 1135 524 1178 censebat
555 1138 656 1177 XIX
679 1139 716 1185 7,
741 1139 761 1175 1
797 1136 940 1176 XXIV
956 1138 996 1189 8,
1012 1139 1051 1176 4.

318 1208 514 1247 statuo:
545 1204 640 1247 Acc.
669 1218 701 1247 c.
732 1203 806 1247 inf.
837 1219 878 1259 p.
905 1204 1008 1247 XIV
1027 1209 1064 1254 7,
1083 1207 1106 1246 5
1140 1204 1309 1259 disponi
1349 1204 1579 1259 quidquam
1610 1208 1695 1247 sta-

176 1274 261 1315 tuit
288 1273 371 1315 XV
393 1276 429 1322 5,
449 1277 500 1313 12
532 1273 639 1315 XIX
657 1277 695 1321 2,
722 1276 735 1312 1
773 1271 901 1313 XXII
928 1276 964 1324 5,
988 1277 1034 1325 2;
1068 1276 1131 1324 12,
1149 1277 1173 1314 8
1206 1273 1333 1315 XXV
1354 1277 1420 1327 10,
1437 1277 1461 1314 5
1493 1273 1641 1315 XXVI
1656 1277 1694 1324 3,

179 1345 231 1382 13
265 1340 457 1383 XXVIII
477 1346 513 1392 1,
534 1346 584 1382 11
616 1341 769 1383 XXXI
785 1345 823 1391 4,
841 1345 880 1382 8.

234 1410 333 1452 Acc.
348 1424 382 1452 c.
397 1408 470 1451 inf.
482 1410 610 1452 activi
632 1410 718 1451 XX
732 1414 769 1460 9,
783 1414 808 1450 4
827 1409 1013 1452 Leonam
1031 1409 1087 1452 ad
1104 1409 1320 1452 Julianum
1336 1423 1515 1465 pergere
1532 1409 1695 1452 statuit.

316 1475 558 1528 „Statutum
587 1480 680 1519 est“
732 1490 828 1519 cum
850 1476 1062 1531 particula
1092 1475 1211 1519 finali
1242 1477 1512 1519 coniunctum
1557 1479 1698 1519 exstat

179 1542 329 1585 XXVI
345 1548 382 1595 2,
403 1549 423 1584 1
465 1543 544 1586 sub
583 1543 702 1586 exitii
733 1543 1006 1586 damnatione
1041 1547 1247 1586 stattuum
1284 1548 1350 1587 est
1383 1558 1436 1586 ne
1474 1545 1698 1598 quisquam

179 1612 443 1666 procederet.
498 1611 784 1667 Sequentibus
817 1613 920 1655 locis
953 1617 1138 1655 XXVIII
1157 1618 1235 1665 4‚4
1281 1616 1506 1663 statuerat,
1554 1626 1607 1655 ne
1637 1617 1699 1654 ta-

176 1680 314 1724 berna
345 1684 446 1724 ante
479 1680 628 1724 horam
660 1685 857 1735 quartam
886 1682 1183 1738 apperiretur“
1231 1685 1275 1725 et
1304 1686 1380 1725 XX
1401 1685 1439 1738 5,
1466 1687 1489 1724 7
1524 1682 1698 1725 verbum

180 1749 413 1807 significat:
439 1751 600 1806 „legem
627 1750 745 1806 dare,
773 1751 869 1807 lege
897 1755 1100 1794 statuere.

236 1819 570 1874 praestituo:
597 1820 694 1862 Acc.
713 1833 745 1862 c.
763 1819 836 1862 inf.
867 1834 910 1874 p.
937 1824 1040 1862 XIV
1062 1825 1127 1870 11,
1146 1825 1169 1862 9
1209 1823 1323 1862 sorte
1349 1834 1434 1874 qua
1470 1822 1698 1875 praestitu-

178 1891 271 1932 tum
299 1893 405 1939 erat,
428 1902 523 1932 eum
551 1889 640 1931 vita
667 1889 843 1944 spoliari

237 1958 497 2001 instituo:
528 1957 625 2000 Acc.
657 1971 690 2000 c.
720 1956 793 1999 inf.
821 1972 849 2013 p
876 1956 967 2009 XV,
986 1961 1010 2000 5
1030 1962 1082 1999 18
1122 1958 1308 2000 omnium
1338 1957 1499 2013 primus
1514 1957 1701 2000 instituit

179 2025 362 2069 adorari.
420 2026 534 2069 Loco
563 2026 691 2069 XXV
714 2030 827 2077 6,14
860 2025 1037 2069 flumina
1067 2031 1331 2069 transmeare
1369 2041 1396 2069 a
1432 2027 1571 2081 primo
1599 2040 1698 2081 pue-

182 2093 283 2135 ritia
310 2096 409 2135 sunt
435 2093 647 2136 instituti“
680 2092 761 2136 hoc
790 2093 964 2136 verbum
991 2094 1119 2136 aliam
1147 2094 1230 2136 vim
1257 2093 1400 2136 habet.

242 2159 393 2203 decer
405 2174 483 2203 no:
516 2162 610 2204 Acc.
628 2175 661 2204 c.
684 2160 755 2205 inf.
783 2177 811 2218 p
844 2162 995 2214 XVI5,
1017 2167 1068 2204 12
1100 2162 1336 2205 convictum
1356 2161 1538 2218 relegari
1560 2161 1701 2205 decre-

184 2230 246 2274 vit
275 2230 383 2273 XIX
404 2236 441 2283 1,
458 2237 494 2274 6.
526 2258 581 2263 -
605 2231 701 2275 Αοο.
722 2247 756 2275 c.
784 2232 857 2275 inf.
882 2233 1012 2275 activi
1041 2233 1191 2275 XXIII
1208 2238 1243 2281 1,
1262 2236 1300 2274 4.

243 2299 491 2343 delibero
519 2300 641 2343 XVII
661 2306 724 2351 13,
745 2305 768 2342 2
798 2301 1082 2344 deliberatum
1112 2301 1243 2344 estid
1269 2301 1406 2343 lenius
1436 2300 1654 2343 vindicari.

243 2370 491 2413 convenio
522 2369 626 2412 XIV
649 2375 686 2424 6,
704 2374 728 2411 3
760 2370 895 2414 Roma
922 2375 971 2413 ut
997 2374 1245 2426 augeretur,
1277 2370 1421 2411 Virtus
1450 2372 1704 2412 convenerat

185 2439 228 2478 et
242 2435 443 2480 Fortuna.
474 2462 529 2468 —
553 2435 638 2480 Sed
664 2435 751 2477 XX
766 2438 805 2487 4,
824 2441 848 2478 3
878 2437 1109 2492 Lupicinus
1140 2439 1370 2479 conventus
1389 2438 1454 2478 est
1479 2435 1593 2478 solus
1607 2447 1704 2489 pro·

184 2501 328 2547 ficisci.

619 2609 661 2666 5)
695 2608 871 2653 Verba
901 2608 1266 2665 permittendi

326 2702 585 2745 concedo:
616 2703 695 2746 Inf.
717 2703 868 2745 XXXI
890 2707 954 2755 14,
972 2706 998 2744 4
1028 2701 1157 2745 rebus
1173 2701 1278 2755 ipsis
1300 2701 1345 2743 id
1375 2700 1565 2756 apertius
1593 2713 1706 2743 mon-

188 2771 327 2812 strare
366 2769 603 2813 concedens
651 2770 779 2813 XXX
797 2775 836 2826 8,
864 2775 902 2813 9.
939 2769 1052 2812 Loco
1092 2768 1200 2811 XIX
1226 2773 1261 2821 1,
1284 2772 1337 2809 22
1375 2766 1589 2824 significat
1623 2780 1706 2810 non

194 2837 428 2882 concedere
459 2837 587 2882 alicui
615 2838 777 2894 aliquid
805 2838 958 2895 facere,
989 2837 1064 2882 sed
1093 2836 1258 2894 aliquid
1282 2850 1385 2881 esse.
