1901 3153
872 118 925 156 31

149 242 284 285 tivum
329 242 407 282 est.
451 240 551 281 XVI
578 241 649 293 10,
677 241 728 279 21
775 236 1020 280 Ursicinum
1060 236 1118 279 ad
1164 250 1209 280 se
1251 236 1396 280 venire
1433 237 1665 293 praecepit.

143 313 266 353 XVII
287 313 353 365 12,
371 313 423 351 19
457 311 532 351 XX
552 310 591 356 4,
609 311 682 357 11;
717 311 754 357 9,
769 307 797 348 4
827 310 926 349 XXI
946 310 1009 358 13,
1035 310 1086 348 16
1118 309 1266 349 XXVI
1282 309 1320 356 5,
1337 310 1361 349 9
1390 309 1527 349 XXVI
1544 310 1610 358 12,
1627 310 1665 349 9.

284 395 368 439 Sed
398 397 548 436 XXIII
572 399 608 446 3,
628 398 652 436 5
685 397 780 449 „ut“
810 393 1025 448 sequitur:
1056 393 1319 449 „iisdemque
1348 393 1578 450 praecepit,
1619 396 1668 437 ut

141 467 359 522 agerent.“
404 462 603 514 Quamvis
659 460 729 504 hic
767 474 876 503 unus
899 460 1039 509 locus,
1084 461 1120 504 si
1151 460 1466 504 multitudinem
1485 460 1666 504 aliorum

145 537 325 591 spectas,
360 531 575 575 offendere
605 531 753 586 possit,
787 535 930 573 tamen
959 544 1045 573 non
1075 535 1142 573 est
1164 530 1427 574 mutandum.
1488 529 1597 574 Nam
1621 531 1666 574 in

145 602 368 648 Ammiano
396 604 559 645 textum
591 600 802 657 corrigere
831 601 998 644 ratione
1027 614 1128 644 usus
1161 599 1331 644 dicendi
1353 600 1554 645 habenda
1580 614 1668 645 non

145 676 307 716 rectum
336 671 489 721 habeo,
522 685 616 713 cum
645 671 759 713 omni
785 670 910 714 modo
938 685 1039 714 usus
1060 673 1271 715 Ammiani
1291 675 1459 715 tantum
1479 672 1666 726 vacillet:

281 762 458 805 iubeo:
491 762 676 804 Maxime
700 763 961 805 construitur
974 766 1022 805 ut
1032 763 1160 807 etiam
1184 763 1299 819 apud
1310 763 1417 807 alios
1438 763 1669 819 scriptores

143 832 312 875 latinos.
344 831 569 874 Acc.c.inf.
590 831 717 874 activi
741 844 825 873 non
846 831 1076 883 invenitur,
1095 831 1179 874 nisi
1195 832 1369 875 verbum
1383 832 1582 875 infinitivi
1606 833 1667 875 in-

143 900 413 945 transitivum
427 903 503 943 est.
535 899 886 954 Sicxvr‚2,8;7‚
912 906 955 954 1;
983 900 1057 953 8,7
1089 904 1345 952 XV1112‚12
1363 905 1517 957 XX2,5
1537 905 1668 944 XX11

146 973 216 1022 6,5
252 973 465 1025 XX1112‚2
499 972 722 1019 xxve‚4
756 973 951 1020 xxv17,
971 973 1023 1011 13
1056 973 1208 1011 XXIX
1225 973 1440 1022 2‚.17,19;
1473 974 1511 1020 5,
1527 973 1665 1025 20,51

145 1043 321 1090 XXX2,
338 1039 379 1081 4.
411 1038 555 1080 Solum
588 1042 773 1089 XX1Vl,
795 1042 819 1079 2
848 1043 890 1080 et
919 1042 1069 1082 XXIX
1087 1043 1127 1086 4,
1144 1043 1166 1081 7
1204 1039 1380 1082 verbum
1408 1052 1493 1082 non
1520 1042 1587 1082 est
1606 1039 1668 1082 in-

142 1107 423 1151 transitivum.
450 1104 678 1149 Praeterea
695 1109 838 1149 autem
855 1105 1179 1150 nonnullislocis
1191 1106 1277 1150 alia
1289 1109 1504 1151 structura
1514 1109 1667 1152 exstat.

144 1177 323 1220 Dativus
345 1176 455 1218 enim
476 1188 684 1231 personae
703 1189 796 1218 cum
812 1175 1020 1219 infinitivo
1037 1177 1285 1220 coniunctus
1302 1176 1478 1233 legitur:
1517 1181 1667 1220 XXVI

148 1251 187 1296 8,
210 1250 234 1289 5
266 1246 372 1302 ipsis
402 1244 596 1288 hostibus
627 1245 753 1287 iussit
783 1258 905 1287 suum
934 1246 1092 1288 vincire
1119 1249 1339 1289 rectorem.
1368 1249 1534 1289 XXVII
1558 1250 1666 1297 11,4

149 1319 275 1357 XXV
297 1319 335 1366 8,
356 1319 421 1358 12.
467 1314 599 1356 Adice
629 1313 712 1356 huc
738 1318 884 1355 XXXI
914 1318 1016 1365 15,5
1055 1328 1138 1369 quo
1168 1315 1260 1358 loco
1289 1315 1444 1358 lacuna
1473 1318 1559 1358 est:
1602 1314 1664 1357 iu—

145 1384 308 1429 bebant
338 1383 495 1426 nostris
524 1396 601 1437 per
629 1382 814 1426 minaces
840 1382 1023 1434 litteras,
1057 1387 1100 1426 et
1128 1383 1319 1440 legatum
1346 1417 1381 1427 ..
1398 1417 1406 1427 .
1424 1419 1433 1428 .
1463 1386 1664 1438 aetatem,

144 1453 228 1495 fide
254 1452 504 1495 retinendae
532 1451 681 1493 salutis
706 1455 921 1506 accepta.“
981 1452 1154 1495 Valesio
1178 1453 1348 1496 videtur
1373 1452 1665 1496 scribendum:

142 1522 349 1567 iubebant
376 1535 454 1578 per
484 1521 669 1563 minaces
698 1520 865 1564 litteras
895 1523 937 1563 et
964 1521 1153 1577 legatum
1182 1524 1231 1563 ut
1260 1534 1307 1564 se
1335 1520 1542 1564 dederent
1580 1524 1665 1566 sta—

143 1593 238 1642 tim,
280 1591 365 1633 fide
395 1595 473 1633 cet.
533 1589 615 1632 Sed
647 1589 797 1633 melius
828 1590 931 1633 mihi
964 1591 1143 1643 videtur,
1189 1605 1274 1634 non
1303 1596 1401 1643 „ut“
1433 1606 1529 1635 cum
1569 1605 1666 1636 con·

142 1660 326 1704 iunctivo
348 1659 614 1703 coniunctum
652 1659 765 1715 poni,
798 1659 871 1702 sed
889 1658 1155 1704 infinitivum.
1215 1659 1335 1703 Haec
1357 1660 1470 1703 ratio
1493 1657 1665 1704 dicendi

142 1729 280 1784 magis
310 1727 542 1783 respondet
568 1727 663 1768 usui
697 1728 933 1777 Ammiani,
964 1729 1081 1783 apud
1112 1742 1236 1783 quem
1275 1730 1377 1785 ‚‚ut“
1417 1742 1502 1771 non
1532 1732 1663 1773 extat.

145 1797 323 1841 Dativus
354 1796 468 1840 solus
499 1795 673 1839 verbum
703 1795 881 1839 iubendi
925 1798 1116 1852 sequitur
1156 1801 1279 1839 XXII
1298 1801 1337 1848 3,
1355 1801 1427 1840 12:
1455 1811 1581 1853 quem
1605 1797 1663 1842 ab

142 1869 229 1912 ima
255 1871 368 1912 sorte
390 1866 582 1922 adusque
611 1864 842 1909 iubendum
872 1867 1129 1922 Imperatori
1169 1881 1308 1924 paene
1340 1867 1499 1911 elatum
1527 1866 1665 1912 Adra-

147 1938 231 1981 stia
255 1952 278 1981 e
307 1950 414 1992 rupe
444 1936 631 1991 quadam
660 1936 749 1992 egit
779 1937 984 1980 excelsa.“

284 2025 478 2080 Denique
531 2025 723 2068 nonnulli
772 2025 855 2068 loci
883 2025 1090 2069 afferendi
1130 2028 1246 2077 sunt,
1290 2025 1445 2080 quibus
1492 2025 1667 2067 infiniti-

149 2110 226 2139 vus
252 2097 366 2139 solus
399 2096 590 2140 subiecto
618 2098 734 2138 certo
766 2096 923 2139 omisso
963 2096 1128 2151 positus
1147 2099 1224 2138 est.
1267 2098 1414 2137 XXIV
1429 2099 1465 2143 1,
1484 2099 1505 2136 1
1536 2094 1666 2137 lituos

146 2179 299 2209 sonare
330 2166 462 2209 iubet.
500 2169 650 2206 XXXI
674 2169 714 2215 8,
743 2170 807 2208 10.
864 2163 947 2208 Sed
989 2166 1079 2208 eius
1115 2164 1230 2208 modi
1260 2178 1362 2207 usus
1389 2163 1510 2208 verbi
1537 2176 1667 2219 saepe

145 2235 259 2290 apud
292 2236 523 2290 scriptores
554 2234 712 2277 latinos
740 2235 965 2278 invenitur.
996 2238 1075 2278 XX
1094 2239 1132 2285 9,
1149 2238 1173 2275 2
1202 2246 1275 2277 eos
1294 2233 1488 2289 adusque
1506 2237 1666 2276 metum

144 2304 348 2345 contuens
380 2301 553 2357 mortis,
591 2300 738 2357 egredi
767 2302 914 2352 iussit,
949 2301 1019 2344 hic
1055 2306 1181 2356 ‚,eos“
1220 2313 1274 2343 ex
1311 2298 1665 2344 antecedentibus

145 2370 430 2427 supplendum
461 2373 537 2414 est.
577 2370 685 2413 Item
714 2374 861 2415 XVIII
880 2375 918 2427 6,
935 2373 959 2413 5
992 2370 1156 2426 scripta
1186 2369 1447 2425 suscepimus
1472 2367 1667 2413 iubentia

145 2438 313 2481 reverti.

611 2545 656 2596 4)
690 2541 868 2586 Verba
898 2540 1191 2585 statuendi.

203 2634 460 2693 dispono:
491 2634 612 2679 Nom.
638 2648 673 2678 c.
706 2633 781 2678 inf.
810 2638 938 2679 XXV
955 2638 994 2687 6,
1016 2637 1069 2676 14
1107 2644 1214 2689 quos
1249 2630 1346 2675 loca
1374 2642 1544 2675 servare
1580 2628 1665 2673 dis-

149 2703 312 2757 positos
343 2703 550 2747 securitas
577 2703 783 2745 vinxerat.
846 2706 992 2744 XXVI
1010 2706 1048 2754 6,
1066 2705 1118 2742 12
1156 2703 1328 2742 XXVII
1346 2704 1386 2749 8,
1406 2703 1431 2740 3
1467 2700 1659 2741 XXVIII

150 2771 259 2825 1,12
292 2775 439 2816 XXIX
457 2776 560 2825 3,3;
592 2775 697 2825 4,5;
730 2774 769 2823 5,
793 2775 862 2828 27,
881 2774 950 2814 42.
988 2772 1133 2813 XXXI
1149 2773 1189 2819 6,
1214 2772 1257 2818 1;
1288 2770 1420 2819 11,2;
1451 2768 1601 2821 12,15.

206 2840 304 2884 Ace.
330 2856 364 2885 c.
394 2842 466 2886 inf.
497 2841 681 2898 passivi:
713 2840 848 2884 XXIV
874 2846 910 2893 6,
930 2844 956 2881 4
986 2852 1114 2882 unam
1136 2835 1349 2892 (classem)
1372 2834 1509 2878 emitti
1524 2832 1666 2888 dispo·
