1901 3153
934 200 988 238 41

204 309 347 356 iectivi
386 309 636 364 simpliciter
667 323 718 352 ex
749 310 877 353 verbo
907 308 1114 365 pendeat,
1157 308 1330 352 difficile
1369 312 1436 353 est
1479 309 1720 355 decernere.

202 379 315 423 mud
345 379 457 422 enim
487 391 537 421 eo
581 378 757 434 probari
784 379 963 431 videtur,
996 378 1110 434 quod
1128 377 1218 423 fere
1245 378 1336 422 sine
1365 378 1454 422 ulla
1470 379 1719 435 exceptione

203 453 350 505 ,‚esse“
391 447 592 491 omissum
623 451 700 492 est.
758 452 807 491 In
853 450 1112 492 contrariam
1159 452 1302 493 autem
1345 453 1511 505 partem
1562 451 1722 507 opponi

201 518 355 572 potest,
383 518 530 570 ,‚esse“
580 515 748 558 omnino
796 516 914 572 apud
956 516 1119 559 nullum
1168 517 1419 571 scriptorem
1456 520 1545 560 tam
1589 531 1720 574 saepe

202 585 404 628 omissum
430 596 524 627 esse
552 597 680 638 quam
714 584 831 640 apud
860 585 1139 628 Ammianum.
1200 584 1270 628 Sic
1310 586 1439 629 etiam
1481 586 1599 641 apud
1644 586 1722 630 ad-

203 650 358 694 iectiva
387 664 471 694 non
506 663 572 693 ex·
591 650 731 694 verbis
766 651 856 693 eius
896 651 1010 694 modi
1037 651 1292 707 pendentia,
1337 666 1446 706 quae
1478 652 1719 697 infinitivus

204 718 415 773 sequitur,
444 718 565 774 „est“
592 717 792 761 omissum
824 721 907 761 est:
947 722 1049 761 XIV
1070 722 1106 769 2,
1128 723 1149 760 1
1195 722 1293 761 XIX
1311 723 1347 771 6,
1368 719 1395 762 8
1433 723 1538 762 XXI
1558 724 1625 772 13,
1654 725 1721 765 14.

202 787 438 841 Praecipue
468 789 610 829 autem
645 785 762 840 apud
798 784 1053 828 infinitivum
1097 785 1231 828 futuri
1273 787 1401 829 activi
1451 790 1495 830 et
1541 787 1722 842 perfecti

204 855 365 912 passivi
379 855 467 898 fere
487 855 656 910 ubique,
684 854 801 910 apud
821 853 1078 897 infinitivum
1105 854 1302 911 gerundii
1330 868 1539 912 persaepe
1573 857 1722 907 ‚,esse“

206 925 405 970 omissum
438 927 513 968 est.

343 993 421 1037 His
461 993 730 1050 adiungimus
779 994 984 1038 adverbia
1027 1008 1121 1038 cum
1163 994 1294 1038 verbo
1325 994 1594 1038 substantivo
1624 1007 1724 1038 con-

206 1065 362 1107 iuncta.

344 1132 471 1175 satis
487 1135 553 1174 est
585 1135 761 1174 XXVIII
778 1136 818 1181 4,
834 1135 887 1173 35
920 1132 976 1174 sit
1000 1131 1105 1174 satis
1121 1130 1227 1174 haec
1258 1131 1573 1187 digessisse.—
1602 1135 1726 1175 tan·

206 1205 307 1244 tum
338 1200 513 1244 abfuit
544 1205 624 1241 XV
641 1204 678 1251 5,
698 1204 773 1243 36:
805 1204 971 1243 tantum
1002 1200 1140 1244 abfuit
1160 1200 1338 1243 laudare
1351 1200 1563 1244 industrie
1582 1205 1718 1257 gesta,

206 1273 256 1314 ut
284 1271 411 1314 etiam
429 1270 657 1322 scriberet3
686 1273 893 1312 tantum
925 1270 1115 1312 aberat
1144 1273 1341 1312 ut-cum
1374 1273 1517 1313 exstat
1546 1274 1623 1314 XV
1639 1275 1678 1322 3,
1698 1275 1722 1313 6

206 1345 372 1386 tantum
400 1341 550 1384 aberat
579 1344 627 1382 ut
654 1339 856 1394 proderet
871 1339 1096 1394 quisquam
1117 1339 1209 1382 visa
1225 1342 1444 1391 nocturna,
1474 1353 1570 1383 cum
1595 1353 1725 1397 aegre

206 1412 398 1457 homines
431 1410 638 1453 dormisse
665 1423 759 1452 sese
787 1408 1036 1452 faterentur.

266 1478 454 1536 paullo
483 1476 669 1520 abfuit
695 1476 797 1530 quin
832 1480 956 1518 XXX
975 1480 1053 1530 6‚7
1090 1487 1170 1517 nec
1206 1473 1386 1516 multum
1431 1473 1571 1518 abfuit
1608 1474 1718 1528 quin

210 1550 354 1591 XVIII
372 1552 408 1598 6,
426 1550 491 1587 11.
550 1545 728 1587 Praeter
759 1544 837 1587 hos
868 1544 975 1587 duos
1004 1544 1122 1587 locos
1150 1543 1195 1584 in
1222 1542 1443 1585 Ammiano
1472 1555 1556 1584 uno
1588 1542 1724 1584 solum

208 1619 300 1661 loco
327 1615 537 1672 particulo
584 1615 738 1670 „quin“
793 1617 954 1657 exstat:
998 1616 1180 1664 XX118,
1204 1617 1277 1655 14:
1342 1611 1462 1655 nulla
1506 1611 1725 1654 celeritate

210 1687 317 1742 eripi
344 1687 527 1741 poterat,
556 1684 658 1737 quin
686 1683 893 1725 interiret.

347 1753 568 1798 Adiectiva
612 1765 706 1795 cum
751 1751 881 1796 verbo
925 1750 1189 1795 substantivo
1232 1749 1471 1802 coniuncta,
1512 1748 1589 1793 sed
1642 1762 1728 1793 non

211 1831 364 1871 neutro
395 1839 550 1881 genere
580 1824 696 1866 dicta
724 1823 955 1865 traducunt
989 1822 1047 1864 ad
1085 1821 1298 1863 adiectiva
1324 1819 1520 1863 absolute
1560 1820 1721 1875 posita:

208 1899 310 1940 XXI
328 1898 394 1946 16,
420 1898 473 1936 17
504 1894 599 1936 erat
628 1891 817 1935 adimere
845 1889 995 1942 facilis,
1028 1903 1138 1944 quae
1169 1887 1370 1932 donabat.

208 2008 263 2054 ΙΙ.
306 2005 628 2051 Infinitivus
664 2004 752 2059 qui
790 2002 990 2058 pendet
1032 2016 1091 2045 ex
1121 1989 1418 2045 a'diectivis
1464 1998 1728 2042 absolute

862 2072 1071 2127 positis.

267 2164 466 2209 Avidus
497 2168 609 2207 XXII
628 2168 664 2212 6,
685 2167 706 2204 1
737 2161 919 2205 maxime
947 2159 1118 2204 avidum
1132 2158 1459 2214 multiplicatum
1491 2167 1716 2211 reposcere

200 2237 362 2284 *XXVI
379 2237 418 2283 8,
437 2234 503 2275 14.

268 2303 456 2347 doctus
487 2303 637 2342 XXIX
659 2304 696 2350 2,
716 2304 739 2341 2
772 2298 958 2342 ferarum
989 2297 1155 2342 occulta
1182 2296 1364 2352 vestigia
1396 2294 1546 2339 doctus
1580 2292 1723 2337 obser-

209 2386 322 2417 vare.

211 2460 214 2464 ’
264 2439 448 2485 facilis
463 2442 564 2481 XVI
584 2441 622 2488 9‘,
644 2442 668 2480 2
699 2436 814 2481 flecti
830 2452 857 2481 a
871 2436 1051 2480 veritate
1066 2434 1248 2490 pecunia
1261 2433 1399 2477 facilis
1429 2434 1579 2473 XXXI
1596 2434 1635 2481 2,
1657 2433 1725 2471 11.

267 2524 463 2567 gnarus
491 2512 677 2550 XXVIII
697 2513 733 2558 1,
748 2512 772 2550 7
805 2505 1003 2550 eliciendi
1021 2504 1230 2548 animulas
1249 2503 1398 2545 noxias
1429 2504 1473 2544 et
1498 2498 1729 2556 praesagia

211 2578 442 2622 sollicitare
475 2576 690 2619 larvarum
731 2587 936 2630 perquam
976 2575 1173 2629 gnarus.⁴‘
1238 2569 1322 2613 Hic
1356 2569 1488 2625 igitur
1518 2565 1727 2623 gerundio

208 2649 252 2692 et
278 2645 487 2690 infinitivo
516 2658 600 2687 uno
631 2643 724 2687 loco
754 2643 900 2686 utitur.

256 2716 542 2773 praescius
568 2717 697 2756 XXII
720 2716 786 2767 15,
807 2718 861 2756 30
891 2712 1123 2756 adventare
1150 2710 1354 2754 diluvium
1384 2706 1579 2764 praescii.

264 2789 538 2841 promptus
571 2788 665 2828 XXI
692 2789 756 2836 12,
781 2788 833 2825 22
884 2786 1128 2839 promptum
1179 2781 1224 2823 in
1269 2777 1573 2823 certaminibus
1605 2774 1726 2819 belli·
1780 2825 1796 2837 ο

211 2867 310 2899 coso
339 2853 459 2910 iungi
483 2854 650 2898 rectori.
680 2882 690 2884 „

345 2922 526 2966 Omnino
555 2922 688 2979 igitur
718 2921 943 2967 dicendum
983 2923 1071 2973 est,
1114 2918 1383 2962 Ammianum
1422 2914 1595 2972 quidem
1629 2911 1723 2956 loco
