1901 3153
916 140 969 180 18

180 262 288 305 quas
316 261 523 306 praesens
540 241 717 305 'eripere
746 250 906 306 poterit
942 250 1095 294 XXIX
1115 254 1152 302 1,
1171 255 1196 293 6
1240 250 1327 295 alia
1366 263 1417 297 se·
1447 253 1705 297 monstratu-

179 332 276 361 rum
305 317 560 370 metuenda‚
614 332 746 373 quae,
792 318 876 362 nisi
917 323 1193 376 prospectum
1231 318 1383 372 fuerit,
1424 321 1567 366 omnia
1607 333 1704 365 con-

177 386 400 432 fundent.“

316 456 549 500 Praeterea
577 455 743 500 duobus
770 456 875 499 locis
904 456 1137 500 infinitivus
1173 456 1220 498 in
1247 455 1408 500 talibus
1438 457 1698 502 enunciatio-

177 527 305 572 nibus
333 527 509 583 legitur:

321 594 447 638 XXV
477 599 538 645 10,
559 599 584 637 3
614 593 683 637 vel
717 596 832 637 certe
862 594 1009 638 stellas
1039 608 1133 639 esse
1156 594 1363 649 quasdam
1384 595 1565 639 caeteris
1592 594 1704 637 simi-

177 667 254 719 les,
289 679 468 721 quarum
499 667 618 708 ortus
643 664 870 719 obitusque
899 664 1097 708 humanis
1126 664 1340 709 mentibus
1369 665 1567 721 ignorare
1592 663 1705 720 (con-

176 736 242 779 fer
281 735 454 790 Kriiger
495 750 556 791 gr.
595 734 781 777 Gramm.
814 740 837 787 §
869 739 936 786 54,
953 739 991 786 4,
1011 735 1053 791 9)
1103 735 1249 778 Altero
1293 735 1399 786 loco,
1441 733 1590 777 XXIV
1619 737 1657 786 3,
1679 737 1701 775 1

177 819 261 861 quo
309 804 489 862 legitur:
546 803 787 861 „perfertur
815 804 989 848 nuntius
1022 830 1075 836 ——
1119 804 1399 861 paucissimos
1441 801 1703 847 trucidasse:

176 875 290 918 inter
335 886 441 928 quos
489 876 625 917 strato
665 873 838 917 tribuno
885 888 1015 917 unum
1058 874 1255 929 rapuisse
1287 872 1486 916 vexillum
1502 878 1538 924 “,
1580 884 1706 916 voces

177 944 317 998 „inter
346 947 479 999 quos“
509 942 715 999 explicari
743 946 925 998 possunt
950 943 1199 999 pronomine
1239 942 1573 986 demonstrativo
1609 954 1708 985 cum

180 1012 334 1070 copula
369 1012 606 1056 coniuncto.

317 1080 384 1122 Ex
412 1080 480 1123 his
512 1080 639 1123 dictis
670 1080 804 1135 igitur
828 1080 1019 1137 intellegi
1048 1083 1208 1137 potest,
1249 1079 1368 1122 illum
1396 1093 1519 1122 usum
1558 1079 1701 1123 modo-

178 1164 272 1193 rum
311 1149 428 1206 apud
457 1148 714 1205 particulam
744 1150 910 1204 „quod“
940 1152 1157 1206 repertum
1187 1162 1271 1193 non
1309 1149 1354 1192 in
1387 1163 1489 1192 casu
1517 1149 1706 1205 positum

179 1219 444 1271 habendum,
486 1217 563 1261 sed
607 1231 630 1261 e
675 1221 831 1261 natura
872 1218 1123 1262 elocutionis
1152 1217 1365 1261 Ammiani
1406 1217 1707 1262 deducendum

177 1303 284 1333 esse.

321 1355 414 1400 Usu
443 1355 682 1412 particulae
708 1355 873 1411 „quod“
914 1359 957 1399 et
985 1355 1205 1400 modorum
1232 1355 1349 1413 apud
1376 1355 1488 1402 hano
1517 1355 1702 1411 particu-

180 1426 268 1469 lam
284 1423 579 1468 adhibitorum
608 1424 835 1480 expficato,
866 1424 1073 1468 nonnulla
1105 1424 1158 1469 de
1176 1425 1424 1468 continuata
1439 1425 1630 1468 oratione
1640 1419 1703 1467 in-

178 1495 344 1538 directa
370 1492 556 1536 dicenda
587 1497 698 1536 sunt.
758 1492 902 1536 Etiam
926 1492 996 1536 hic
1026 1507 1079 1536 ex
1107 1493 1252 1537 multis
1275 1493 1380 1537 locis
1401 1496 1583 1550 apparet
1605 1493 1703 1537 Am-

176 1565 365 1607 mianum
395 1564 583 1606 scribere
623 1562 768 1613 latine,
819 1562 896 1605 sed
925 1561 1085 1606 Graece
1125 1563 1294 1606 sentire.
1365 1561 1705 1606 Consentaneum

183 1637 261 1683 est,
292 1632 362 1674 hic
391 1630 526 1673 solum
559 1629 669 1672 tales
698 1629 813 1671 locos
844 1629 1100 1684 spectandos
1129 1643 1236 1682 esse,
1267 1629 1420 1685 quibus
1438 1629 1577 1673 oratio
1596 1629 1703 1673 indi-

172 1705 293 1747 recta
328 1698 542 1757 particula
590 1698 759 1753 „quod“
798 1702 1043 1742 constructa
1085 1699 1153 1742 sit.
1231 1699 1383 1743 Graeci
1429 1698 1539 1741 enim
1582 1693 1704 1751 „‹‘>'·cc“

171 1768 461 1812 antecedente.
510 1765 749 1809 orationem
792 1765 1049 1810 indirectam
1096 1761 1222 1822 „31⁶⁹
1277 1767 1432 1810 omisso
1473 1766 1703 1812 indicativo

173 1844 249 1883 aut
278 1836 468 1893 optativo
510 1839 586 1879 aut
621 1835 832 1879 infinitivo
868 1837 1133 1879 continuant.
1204 1836 1401 1880 Omnium
1427 1836 1578 1881 harum
1606 1851 1704 1882 con-

175 1908 458 1951 structionum
488 1904 683 1962 exempla.
706 1904 823 1960 apud
847 1905 1117 1948 Ammianum
1148 1908 1328 1949 exstant.

312 1975 422 2019 XIX
458 1978 526 2026 11,
551 1978 575 2017 ’7
609 1973 760 2017 cohors
788 1973 988 2030 augebat,
1032 1974 1079 2017 id
1123 1974 1213 2017 sine
1257 1974 1383 2018 modo
1409 1975 1702 2031 strepentium,

176 2045 291 2101 quod
330 2042 588 2100 proletarios
616 2041 854 2086 lucrabitur
887 2042 1033 2098 plures
1065 2045 1108 2086 et
1136 2042 1334 2088 tirocinia
1364 2057 1515 2101 cogere
1543 2046 1704 2103 poterit

176 2114 464 2160 validissima:
503 2125 654 2155 aurum
683 2111 842 2167 quippe
871 2114 1094 2168 gratanter
1120 2112 1402 2168 provinciales
1432 2113 1634 2159 dabunt.“

317 2182 448 2225 XXX
479 2185 519 2237 2,
544 2185 572 2222 4
607 2179 824 2224 Victorem
862 2184 906 2224 et
931 2180 1153 2225 Urbicium
1182 2182 1245 2225 ire
1282 2195 1463 2239 propere
1497 2184 1624 2232 iussit
1656 2185 1703 2229 in

174 2253 353 2303 Persas,
384 2264 636 2307 responsum
661 2250 904 2293 absolutum
934 2253 978 2293 et
1003 2250 1246 2294 uniusmodi
1266 2251 1548 2306 perferentes:
1587 2253 1702 2309 quod

171 2336 249 2366 rex
285 2322 425 2366 iustus
471 2322 515 2363 et
560 2332 638 2362 suo
667 2322 893 2363 contentus
924 2319 1103 2364 sceleste
1134 2320 1409 2377 concupiscat
1436 2320 1701 2376 Armeniam3

174 2392 251 2436 sed
286 2391 332 2435 ni
362 2388 612 2434 Sauromaci
640 2388 859 2444 praesidia
887 2389 1070 2433 militum
1108 2389 1326 2445 impertita
1363 2423 1372 2432 .
1399 2424 1408 2433 .
1435 2422 1445 2433 .
1473 2422 1483 2433 .
1521 2393 1702 2435 reverte-

172 2461 271 2513 rint,
301 2460 461 2504 invitus
491 2473 543 2503 ea
572 2459 823 2515 complebit,
853 2473 963 2514 quae
992 2464 1146 2516 sponte
1175 2474 1253 2504 sua
1278 2459 1419 2505 facere
1449 2461 1702 2516 supersedit.

309 2529 460 2573 XXIII
488 2535 525 2581 6,
547 2534 602 2573 24
633 2531 791 2573 Fertur
822 2530 936 2583 quod
973 2534 1071 2585 post
1102 2531 1318 2587 direptum
1360 2531 1442 2573 hoc
1470 2531 1585 2573 idem
1624 2530 1702 2587 fig-

170 2601 359 2641 mentum
391 2598 549 2642 milites
578 2598 726 2642 fanum
757 2600 999 2642 scrutantes
1028 2599 1228 2643 invenere
1254 2598 1445 2642 foramen
1459 2599 1701 2658 angustum,

172 2682 256 2723 quo
282 2672 474 2712 reserato
505 2682 557 2712 ex
587 2668 718 2724 adyto
752 2668 938 2723 quodam
966 2668 1164 2712 concluso
1193 2682 1220 2711 a
1241 2667 1554 2711 Chaldaeorum
1583 2681 1701 2712 arca-

171 2738 238 2781 nis
264 2738 385 2782 labes
415 2738 705 2793 primordialis
742 2738 956 2782 exsiluit.“
1017 2736 1102 2781 Sed
1146 2737 1184 2782 si
1213 2737 1308 2792 quis
1339 2735 1471 2789 dicat,
1509 2734 1580 2780 hie
1608 2748 1701 2780 ora·

170 2807 330 2852 tionem
354 2807 609 2852 indirectam
653 2808 699 2852 in
729 2807 937 2853 directam
966 2810 1176 2852 mutatam
1221 2819 1338 2856 esse,
1381 2818 1468 2849 non
1497 2817 1700 2861 repugno.

310 2877 460 2921 XXIX
480 2881 519 2930 2,
538 2881 603 2921 12.
635 2874 724 2921 non*
747 2881 976 2934 reputante
1001 2877 1092 2922 alta
1119 2875 1295 2920 nimium
1323 2875 1556 2931 potestate,
1586 2874 1699 2928 quod
