1901 3153
923 160 978 200 14

325 273 407 318 XV
428 276 467 331 5,
491 277 538 316 6:
576 271 848 318 Mellobaude
889 270 1146 327 spondente,
1196 269 1311 326 quod
1335 268 1564 321 remeabit3
1614 267 1717 315 item

186 340 296 384 XXI
317 345 385 391 13,
399 343 467 384 15.

324 421 433 466 XIX
446 425 548 473 11‚7
581 419 626 463 id
652 419 745 463 sine
774 417 902 463 modo
934 417 1233 474 strepentium,
1274 415 1389 472 quod
1419 413 1616 460 tirocinia
1651 425 1717 458 co-

188 505 290 548 gere
317 491 490 546 poterit.

328 569 432 614 XIV
445 572 520 622 7,5
545 565 720 612 assidue
749 566 1022 624 replicando,
1063 566 1179 622 quod
1222 566 1364 610 nullus
1411 578 1535 623 egere
1560 562 1719 621 poterit

187 640 313 684 victu.

328 718 574 764 Subiectum
612 720 679 761 est
718 716 959 761 enunciatio
996 717 1211 772 particula
1264 715 1432 772 „quod“
1475 715 1719 758 constructa

188 791 302 834 inter
331 789 438 832 alios
467 788 535 830 his
564 787 688 830 Iocis:
721 787 795 829 illo
819 786 1107 842 contemplato
1140 786 1278 841 quod:
1309 785 1458 827 XXIII
1479 788 1515 835 5,
1539 789 1588 825 11
1624 796 1719 838 cog·

189 860 297 902 nito:
327 857 454 904 XXV
477 862 542 909 10,
562 862 586 900 6
619 855 803 900 sufficiet
827 856 912 900 dici
940 856 1074 912 quod:
1124 857 1233 899 XXI
1256 861 1291 908 1,
1317 860 1380 899 13.
1433 854 1583 897 XXIII
1608 858 1645 897 6.
1664 856 1718 895 74

191 926 468 977 XXV118,5:
498 924 599 967 illuc
610 924 834 966 dubitatur
845 924 982 978 quod:
1014 924 1117 966 XIV
1131 929 1233 979 6,21
1259 923 1412 965 fertur:
1441 920 1590 963 XXIII
1602 924 1718 976 6,24.

189 995 412 1041 fatendum
441 997 525 1038 est:
562 993 752 1037 XXVIII
770 998 872 1049 4‚21
906 993 1089 1037 relatum
1119 997 1201 1037 est:
1230 992 1355 1036 XXV
1368 997 1453 1048 2,7.

332 1084 439 1129 Aliis
469 1083 575 1127 locis
605 1096 709 1126 usus
734 1081 973 1139 particulae
1002 1082 1172 1140 „quod“
1199 1081 1399 1138 proprius
1425 1080 1482 1125 ad
1499 1082 1719 1125 c‘onsuetu-

195 1156 339 1200 dinem
369 1155 550 1198 aliorum
583 1154 839 1210 scriptorum
870 1154 1058 1197 accedit:
1096 1153 1163 1196 Ita
1175 1154 1262 1195 XX
1279 1156 1317 1209 5,
1335 1157 1381 1195 5:
1426 1152 1471 1195 id
1512 1166 1614 1196 sane
1643 1166 1721 1196 nec

191 1224 479 1282 praetermitti
507 1226 574 1267 est
604 1236 787 1278 aequum
818 1236 896 1266 nec
924 1223 1058 1266 taceri
1075 1222 1190 1278 quod
1207 1222 1461 1278 superastis;
1497 1224 1720 1278 praetereo

194 1295 331 1353 quod:
354 1293 506 1336 XXIX
518 1297 556 1345 3,
573 1297 597 1335 9
628 1293 780 1337 XXXI
794 1297 860 1344 14,
873 1297 912 1336 8.

332 1383 618 1440 Sequentibus
647 1383 753 1427 locis
779 1382 1020 1427 enunciatio
1038 1382 1251 1439 particula
1281 1383 1450 1439 „quod“
1478 1386 1722 1427 constructa

200 1453 430 1509 explicatio
458 1452 752 1496 antecedentis
783 1453 903 1496 verbi
932 1452 1133 1495 habenda
1163 1456 1230 1495 est
1266 1453 1418 1495 XXIX
1444 1457 1504 1509 15,
1518 1458 1594 1497 24:
1626 1452 1722 1495 Tul⁴

191 1521 355 1570 lianum
381 1519 489 1564 illud
519 1519 747 1564 advertens
778 1520 892 1576 quod
924 1519 1076 1563 XXXI
1092 1523 1186 1575 5,7:
1222 1520 1482 1575 producturo
1508 1520 1724 1564 conscien-

192 1594 298 1638 tiam
328 1605 485 1648 meam,
516 1591 631 1646 quod
661 1591 774 1634 nihil
800 1590 1031 1647 aggrediar
1060 1594 1136 1633 aut
1162 1591 1339 1634 tentabo
1368 1591 1472 1634 XIV
1490 1595 1645 1648 10,12:
1677 1593 1723 1636 id

194 1676 340 1707 verum
351 1660 539 1710 inveniet
554 1660 681 1716 quod.
708 1660 856 1704 XXVI
868 1665 906 1716 7,
920 1665 967 1703 9:
997 1659 1109 1703 hanc
1121 1659 1300 1716 polliciti
1315 1660 1595 1716 pertinaciam
1610 1660 1724 1716 quod

196 1745 292 1775 eum
323 1731 413 1775 suis
442 1730 574 1774 armis
604 1729 889 1773 defensabunt
916 1730 1107 1773 XXVII:
1136 1730 1255 1773 aliud
1270 1730 1524 1773 audiebatur
1551 1729 1724 1773 horren·

198 1799 299 1849 dum
325 1790 453 1855 q‘uod.
480 1798 612 1842 XXX
630 1801 733 1855 5,12
764 1798 849 1842 alio
874 1797 920 1841 in
951 1812 1047 1842 eum
1075 1798 1316 1854 perniciose
1346 1799 1580 1856 composito
1610 1798 1725 1855 quod

195 1869 299 1914 XIV
313 1873 443 1925 6,16=
472 1869 659 1912 transire
686 1868 801 1911 illuc.
837 1867 1021 1924 X1V11,
1036 1873 1109 1911 10:
1145 1869 1322 1913 subsero
1342 1869 1593 1924 exemplum.

333 1947 416 1992 His
445 1947 559 1991 adici
585 1951 767 2004 possunt
790 1947 916 1992 haec.-

198 2029 307 2073 XIX
325 2032 427 2086 9,5:
457 2032 638 2086 accepta
669 2028 756 2073 fide
786 2029 904 2085 quod
934 2032 1147 2085 sequetur.

196 2098 296 2143 XIV
311 2103 377 2155 11,
394 2103 437 2142 6:
466 2112 543 2155 spe
567 2103 713 2143 tamen
740 2099 855 2155 quod
887 2113 983 2143 eum
1013 2099 1146 2143 lenire
1179 2102 1361 2156 poterat.

197 2167 371 2223 xxm
402 2168 591 2224 suspicio
619 2169 896 2226 perstrinxit,
927 2169 1041 2224 quod
1067 2169 1284 2213 docuerat.

198 2237 330 2281 XXX
343 2242 463 2289 5‚17:
494 2241 543 2281 ut
570 2251 693 2283 omen
724 2239 969 2296 colligeret,
1001 2238 1114 2294 quod
1143 2239 1366 2283 remeabit.

198 2307 343 2362 XXII,
362 2309 430 2361 15,
452 2311 495 2347 7:
536 2308 679 2362 opinio
711 2312 777 2351 est
806 2309 1015 2353 celebrior
1031 2309 1118 2352 alia
1147 2309 1261 2364 quod
1289 2309 1545 2352 intumescit.
1575 2311 1727 2354 XXXI

257 2381 360 2429 3,8:
404 2374 521 2419 fama
549 2381 748 2434 serpente
779 2379 893 2433 quod
923 2379 1177 2423 inusitatum
1204 2378 1422 2422 hominum
1463 2393 1596 2435 genus
1637 2393 1726 2423 cor-

254 2445 428 2500 rumpit.

339 2526 437 2570 Alia
460 2526 656 2584 exempla
686 2529 735 2571 ut
764 2527 949 2586 XXIlss,
963 2534 986 2572 7
1004 2529 1107 2575 XVI
1122 2535 1188 2588 10,
1202 2535 1254 2574 12
1289 2529 1544 2588 explicanda
1567 2534 1666 2576 sunt
1680 2535 1728 2576 ut

199 2608 304 2638 usus
334 2595 598 2651 particulae,
622 2596 793 2650 „quod“
822 2597 866 2639 in
896 2597 1088 2651 epistolis
1115 2603 1354 2655 usurpatus.

338 2675 561 2720 Postremo
582 2679 632 2720 ut
651 2680 787 2721 totam
809 2678 1033 2722 materiam
1060 2692 1363 2735 proponamus,
1392 2679 1523 2725 verba
1540 2678 1729 2724 addendi

204 2745 444 2801 similiaque
474 2746 758 2802 adiungimus.

258 2826 479 2882 „accedit“
518 2841 736 2883 nunquam
766 2830 981 2885 particula
1025 2833 1124 2882 „ut“
1168 2831 1428 2874 construitur
1466 2830 1632 2887 ‚,quod“
1665 2845 1727 2874 se-

257 2893 403 2948 quitur
431 2894 477 2938 in
500 2893 567 2938 his
600 2896 826 2953 exemplis:
852 2897 956 2943 XIV
980 2901 1106 2955 6,15;
1137 2902 1213 2955 7‚8
1252 2898 1339 2942 XX
1351 2901 1449 2955 3,1,
1477 2903 1549 2952 8,8
1579 2898 1727 2943 XXIV
